1815 3262
307 248 616 301 Comment.
647 248 716 301 de
741 248 924 300 metris
951 225 1190 300 Pindari.
1244 250 1308 301 P.
1343 258 1386 303 1.
1504 257 1573 305 2⁶3

119 393 214 425 etiam
230 393 463 434 antistropbica,
479 392 573 424 semel
595 399 715 423 tantum
730 393 873 433 repetita,
889 393 1040 423 incertam
1057 403 1138 433 saepe
1152 390 1294 423 lectionis
1309 393 1519 433 conjecturam
1536 406 1582 425 re-

120 452 278 493 linquunt.
325 452 430 488 Quare
444 452 478 482 iri
494 451 547 482 tali
562 462 655 482 causa
672 451 696 481 si
712 451 791 481 sorte
807 462 825 481 e
846 451 1017 482 scholi-asiis
1032 462 1096 481 non
1112 460 1177 482 tam
1194 462 1345 486 numeros,
1360 462 1451 492 quam
1468 453 1581 492 pedum

122 510 371 551 syllabarumque
395 511 535 541 ordinem
560 520 668 540 eruere
686 510 768 545 licet,
785 515 832 539 est
855 520 940 545 sane,
961 511 1043 551 quod
1069 511 1135 541 illos
1158 521 1222 541 non
1247 521 1369 551 prorsus
1391 511 1582 551 abjiciendos

121 571 371 612 spernendosque
388 580 580 600 censeamus.
627 569 669 599 At
685 579 756 599 vero
772 570 803 598 in
820 569 894 609 ipsis
909 571 1043 601 numeris
1060 571 1112 610 qui
1128 571 1201 599 inde
1222 570 1338 611 aliquid
1352 569 1430 599 lucis
1447 577 1580 610 sperant,

122 639 170 660 ιω
186 630 237 660 isti
251 629 337 670 digni
349 634 429 664 sunt,
445 629 498 670 qui
513 629 572 669 ipsi
588 629 716 659 obscuro
732 629 775 658 illi
788 629 875 669 gregi
891 630 1144 660 adnumerentur.

813 753 893 784 VII.

575 841 622 872 De
641 842 795 883 generibus
817 849 974 873 metrorum
998 843 1130 873 Pindari.

168 915 247 948 Haec
262 918 367 953 habui,
383 929 452 959 quae
467 919 506 949 de
523 927 666 948 versuum
690 919 956 959 disponendorum
978 919 1097 949 ratione
1114 925 1145 948 et
1166 919 1264 948 causis
1279 918 1424 948 dicerem.
1470 917 1546 954 Quae
1561 919 1587 950 si

125 976 194 1019 quis
204 977 285 1007 bene
297 978 444 1008 memoria
458 984 572 1012 teneat,
585 978 758 1018 judiciique
776 979 910 1019 aliquam
929 979 1118 1008 alacritatem
1135 986 1166 1008 et
1183 978 1412 1008 exercitationis
1429 989 1515 1008 usum
1534 979 1588 1008 ad-

122 1034 249 1077 jungat,
261 1036 327 1066 fieri
343 1047 405 1067 non
423 1037 548 1077 poterit,
569 1036 643 1077 quin
659 1042 690 1066 et
714 1036 980 1077 grammaticorum
997 1037 1170 1066 barbariem
1186 1037 1326 1077 effugiat.
1341 1042 1372 1066 et
1390 1048 1406 1066 a
1422 1038 1528 1068 critica
1543 1043 1589 1067 te-

127 1095 279 1130 meritate,
293 1106 354 1137 qua
369 1096 445 1126 nihil
463 1096 582 1138 turpius
598 1101 653 1131 est,
670 1094 726 1125 sibi
746 1101 908 1135 temperet.
956 1094 1037 1124 Illud
1055 1106 1127 1125 vcro
1143 1096 1174 1124 in
1191 1096 1248 1125 hac
1264 1105 1295 1124 re
1318 1106 1516 1136 permagnam
1532 1096 1591 1124 uti-

128 1153 247 1185 litatem
273 1155 448 1185 habitururn
478 1162 569 1190 esset,
597 1156 622 1186 si
648 1155 761 1196 ubique
791 1161 890 1185 certas
916 1160 947 1184 et
978 1153 1184 1183 immutabiles
1213 1159 1376 1183 metrorum
1408 1154 1520 1183 formas
1550 1153 1589 1183 ab

128 1212 263 1253 antiquis
287 1214 386 1253 poetis
419 1215 573 1245 adhibitas
607 1215 820 1254 reperiremus.
867 1214 924 1243 His
952 1213 1036 1243 enim
1063 1212 1228 1254 diligenter
1252 1213 1474 1243 animadversis
1498 1219 1590 1254 atque

130 1273 293 1314 descriptis
315 1273 464 1305 immensa
486 1275 540 1304 illa
570 1281 734 1304 metrorum
765 1274 928 1304 multitudo
959 1274 998 1304 ad
1031 1274 1230 1314 perexiguum
1262 1273 1398 1303 revocari
1430 1282 1590 1302 numerum

130 1337 244 1372 posset,
276 1342 377 1372 neque
409 1333 461 1362 ulli
493 1343 621 1373 usquam
651 1343 755 1363 versus
785 1338 992 1367 occurrerent,
1022 1333 1095 1373 quin
1126 1339 1158 1362 et
1186 1338 1300 1362 certam
1327 1332 1415 1362 metri
1445 1332 1590 1373 regulam.

129 1396 163 1421 et
189 1401 275 1420 suum
305 1392 462 1432 quoddam
493 1403 529 1422 ac
568 1393 724 1432 proprium
759 1402 873 1422 nomen
905 1400 1008 1423 essent
1041 1392 1184 1422 habituri.
1230 1391 1347 1422 Verum
1374 1402 1442 1421 eam
1472 1391 1593 1432 opinio-

133 1459 206 1480 nem
222 1451 430 1492 grammaticis
446 1451 664 1492 relinquemus,
680 1462 748 1492 quae
769 1458 900 1492 quantas
923 1454 956 1481 in
980 1453 1064 1482 omni
1088 1462 1119 1482 re
1136 1452 1263 1481 metrica
1281 1452 1386 1481 turbas
1402 1451 1593 1486 excitaverit,

133 1519 226 1550 supra
247 1510 321 1540 satis
338 1511 582 1541 demonstratum
604 1518 662 1542 est.
705 1511 772 1541 Nos
787 1511 912 1551 quidem
927 1512 967 1541 de
983 1511 1199 1552 hujuscemodi
1223 1510 1417 1541 adminiculis
1437 1511 1509 1541 artis
1531 1521 1593 1541 me-

133 1569 218 1599 tricae
234 1569 326 1609 plane
341 1569 549 1610 desperamus,
566 1570 658 1611 idque
682 1581 719 1600 eo
735 1570 892 1600 lubentius
908 1571 1047 1605 facimus,
1062 1571 1144 1612 quod
1161 1571 1303 1600 divinum
1324 1571 1518 1611 ingeniorum
1535 1570 1593 1600 ser·

135 1638 239 1659 vorem
253 1639 315 1658 non
331 1629 408 1663 aliis,
422 1630 480 1659 nisi
494 1641 562 1671 quae
577 1641 614 1660 ex
630 1631 696 1670 ipsa
714 1630 755 1659 rei
769 1637 878 1660 natura
895 1632 999 1671 petitae
1015 1637 1097 1666 sunt,
1114 1631 1234 1671 legibus
1248 1632 1381 1662 coerceri
1400 1642 1487 1671 posse
1504 1630 1596 1661 intel·

134 1688 267 1730 ligimus.
312 1688 351 1719 Id
367 1689 497 1720 liberum
512 1700 637 1720 manere
659 1690 753 1719 debet
774 1691 874 1719 sensui
902 1691 1062 1729 poetarum
1087 1697 1178 1730 atque
1199 1691 1338 1724 arbitrio,
1353 1701 1429 1730 quos
1453 1695 1595 1720 numeros

136 1747 286 1778 adhibere
301 1748 408 1782 velint,
431 1748 506 1777 dum
529 1747 574 1776 illi
597 1747 716 1776 numeri
740 1747 810 1776 sint.
855 1746 966 1787 Neque
982 1749 1065 1777 enirn
1081 1754 1154 1778 ante
1169 1749 1372 1788 grammatici,
1386 1759 1478 1789 qnam
1494 1750 1594 1789 poeta

135 1806 272 1840 fuerunt,
286 1816 322 1835 ae
337 1806 499 1846 poetarum
517 1806 634 1846 ingenii
647 1811 703 1841 est,
719 1805 858 1835 invenire
872 1818 878 1835 :
902 1805 1031 1837 inventa
1043 1806 1164 1837 illorum
1185 1808 1314 1843 discere,
1327 1808 1597 1849 colligere,.expli·

136 1874 217 1899 care,
232 1865 264 1895 id
280 1875 352 1895 vero
368 1865 545 1896 sedulitatis
561 1872 607 1895 est
623 1864 900 1906 grammaticorum.

178 1922 227 1954 Ac
242 1923 395 1954 Pindarus
409 1925 535 1966 quidem
558 1926 679 1955 tametsi
705 1926 864 1965 ingentem
888 1930 1054 1955 metrorum
1072 1925 1194 1966 copiam
1211 1926 1250 1955 ad
1275 1936 1360 1956 snam
1377 1925 1473 1967 ipsius
1493 1925 1597 1956 libidi-

137 1993 209 2016 nem
223 1983 352 2019 effinxit,
368 1990 472 2015 tamen
491 1985 602 2015 multas
618 1996 760 2016 versuum
776 1985 888 2015 formas
910 1986 949 2015 ab
973 1985 1197 2025 antiquioribus
1221 1986 1322 2026 poetis
1343 1986 1473 2026 accepit,
1488 1986 1597 2017 multas

139 2044 244 2080 etiam,
258 2055 334 2085 quas
348 2045 416 2085 ipse
433 2045 676 2086 excogitaverat,
691 2046 847 2076 constanti
868 2056 925 2075 usu
947 2055 1043 2085 prope
1060 2045 1099 2074 ad
1115 2044 1236 2074 illorum
1253 2051 1419 2075 metrorum
1435 2046 1598 2076 celebrita-

139 2108 202 2134 tem
217 2104 357 2138 adduxit,
373 2115 442 2146 quae
456 2111 489 2136 et
512 2105 648 2145 regulam
664 2111 779 2135 certam
794 2110 826 2135 et
851 2104 1006 2145 proprium
1029 2114 1141 2133 nomen
1159 2104 1287 2134 habent.
1334 2103 1384 2134 De
1403 2110 1530 2145 utroque
1546 2114 1598 2145 ge-

139 2172 215 2193 nere
237 2162 449 2194 disserendum
473 2164 560 2194 nobis
584 2174 676 2205 a'que
698 2164 918 2205 explicandum
939 2170 995 2200 est,
1010 2170 1075 2194 tum
1092 2168 1126 2193 ut
1148 2165 1188 2193 de
1214 2174 1298 2194 more
1320 2169 1353 2194 et
1374 2164 1599 2195 consuetudine

140 2220 270 2252 Pindari
283 2212 416 2257 constet,
430 2233 500 2264 quae
514 2223 608 2253 etiam
629 2224 663 2254 in
687 2223 817 2254 aliorum
842 2223 1008 2265 lyricorum
1031 2223 1220 2254 carminibus
1235 2223 1439 2254 emendandis
1455 2233 1597 2265 magnam

141 2281 205 2311 vim
226 2287 257 2311 et
278 2291 366 2312 usum
381 2281 486 2316 habet,
502 2288 568 2312 tum
591 2288 625 2313 ut
649 2283 706 2314 hac
729 2283 797 2323 ipsa
812 2289 976 2313 metrorum
993 2282 1228 2313 Pindaricorum
1251 2282 1446 2313 enarratione
1462 2290 1597 2314 nostram

142 2351 284 2372 versuum
299 2342 538 2382 descriptionem
552 2343 717 2378 firmemus,
729 2352 896 2383 eorumque
911 2341 1095 2383 effugiamus
1110 2341 1351 2377 criminationes,
1367 2341 1420 2383 qui
1434 2342 1544 2383 aegrius
1558 2342 1598 2372 ab

143 2399 322 2431 inveteratis
336 2401 488 2432 erroribus
502 2401 607 2432 divelli
623 2412 690 2432 sese
708 2403 874 2442 patiuntur.
924 2400 962 2431 In
982 2411 1042 2442 qua
1057 2399 1267 2440 disputatione
1283 2400 1422 2431 ordinem
1438 2410 1600 2441 sequemur

142 2466 226 2493 eum,
241 2470 333 2500 quem
356 2459 424 2500 ipsa
446 2461 488 2491 rei
505 2467 615 2491 natura
629 2461 837 2495 commendat,
854 2465 886 2489 nt
902 2470 920 2490 a
934 2459 1165 2500 simplicissimis
1180 2460 1315 2490 numeris
1329 2460 1418 2491 initio
1433 2460 1516 2492 facto
1532 2460 1601 2492 reli-

144 2521 205 2561 qu'a
218 2519 367 2561 deinceps
382 2526 480 2550 metra
500 2531 554 2551 suo
569 2531 696 2563 quaeque
713 2521 744 2550 in
760 2531 873 2561 genere
885 2528 1115 2562 persequamur.

809 2645 908 2679 vm.

685 2732 732 2763 De
753 2733 878 2764 versibus
898 2733 1062 2764 trochaicis.

884 2782 890 2792 ι

192 2805 240 2839 Ac
254 2792 387 2850 primum
406 2807 507 2838 locum
523 2808 650 2841 trochaei
667 2814 786 2844 tenent,
798 2808 830 2838 in
847 2809 963 2850 quibus
981 2807 1147 2844 Pindarus,
1164 2807 1217 2850 qui
1233 2812 1266 2839 ut
1280 2806 1395 2851 lyricus
1411 2807 1505 2851 po'eta
1519 2818 1539 2838 a
1551 2816 1601 2840 cos
