1815 3262
305 197 648 282 ‘Commeat
677 229 746 281 de
773 229 956 281 metris
986 228 1222 280 Pindari.
1278 230 1341 282 P.
1373 238 1416 282 l.
1569 231 1604 282 5

152 373 231 404 tueri
245 373 361 409 licebit,
375 380 408 405 et
429 374 592 405 commodo
606 374 699 405 ctiam
722 373 900 404 consuletur
921 372 1069 403 lectorum
1093 378 1268 413 nostroque,
1284 372 1308 401 si
1332 372 1425 402 semel
1447 373 1606 413 explicati·

150 429 280 473 legibus,
296 443 373 473 quas
387 432 419 463 in
435 433 639 473 disponendis
654 431 781 462 Pindari
798 431 935 461 versibus
959 431 1079 470 sequuti
1101 441 1214 465 sumus,
1229 430 1261 460 in
1277 430 1404 471 singulis
1421 430 1606 460 carminibus

152 491 347 531 repetitionis
363 491 488 522 taedium
503 491 676 521 vitabimus.
723 490 834 530 Itaque
847 491 879 520 in
895 489 990 519 altera
1002 489 1094 530 hujus
1105 489 1324 530 disputationis
1337 494 1433 528 parte,
1445 488 1606 529 descriptis

152 549 391 591 uniuscujusque
406 550 550 584 carminis
566 550 679 584 metris,
694 559 741 583 ea,
761 559 830 589 quae
852 546 885 578 in
911 549 980 589 ipso
1003 550 1098 589 poeta
1119 549 1231 579 vitiosa
1244 549 1441 583 videbantur,
1455 548 1606 588 corrigere

151 607 333 640 studuimus.
377 607 417 637 In
432 618 493 649 qua
512 618 544 638 re
560 608 673 649 insigni
695 609 840 639 comitate
859 608 902 638 usi
918 618 1020 638 sumus
1036 608 1165 649 Heynii,
1183 608 1235 649 qui
1251 619 1344 649 quum
1360 609 1449 638 metri
1472 613 1609 638 tantum-

150 668 243 698 modo
256 677 360 698 curam
375 666 464 696 nobis
479 667 707 702 demandasset,
724 674 827 697 tamen
841 666 946 700 etiam,
959 666 982 696 si
995 666 1068 706 quid
1083 672 1192 706 praeter
1208 666 1298 695 metri
1315 666 1529 696 necessitatem
1541 676 1611 695 mu-

151 727 278 758 tandum
301 736 507 761 censeremus,
522 727 553 757 id
577 726 700 757 silentio
721 728 760 757 ab
783 726 872 756 nobis
896 725 1044 766 pra-teriri
1067 724 1177 754 noluit.
1226 723 1273 755 Ac
1289 735 1485 754 numeramus
1500 724 1608 755 hocin

149 786 348 817 recreationis
363 791 395 816 et
417 796 515 826 prope
537 785 631 816 etiam
651 786 795 816 beneficii
817 786 896 821 loco,
911 785 994 826 quod
1018 783 1105 814 sessis
1126 784 1216 814 nobis
1236 789 1402 813 metrorum
1422 784 1608 824 pervestiga-

149 844 245 880 tione,
261 855 353 886 quam
368 845 489 880 exilem,
506 845 530 876 si
545 845 613 886 quis
628 845 718 875 unice
735 845 766 875 in
781 856 820 875 ea
834 844 983 878 elaboret,
995 849 1026 873 et
1041 843 1158 873 liberali
1175 843 1300 884 iugenio
1315 853 1378 872 non
1394 844 1467 873 satis
1481 842 1609 883 dignam

148 913 321 938 censemus,
337 904 377 934 ad
393 903 581 944 jucundiora
596 903 668 933 artis
682 903 796 934 criticae
812 902 912 932 studia
928 904 1027 933 redire
1042 903 1137 933 lieeit.
1183 902 1293 944 Itaque
1309 903 1340 932 in
1357 902 1610 932 adnotationibus

150 963 262 993 nostris
276 963 356 993 hane
377 963 528 993 rationem
546 963 710 997 tenuimus,
729 970 770 997 ut,
786 973 853 1003 quae
869 963 1050 1003 corrigenda
1066 963 1155 993 nobis
1170 963 1358 996 viderentur,
1374 962 1478 992 omnia
1492 962 1610 998 indicaq

150 1031 261 1056 remus¹
284 1032 343 1052 nec
363 1021 422 1052 nisi
450 1021 633 1052 necessitate
660 1021 787 1051 adducti
812 1022 852 1051 ad
872 1021 1162 1061 interpretationem
1185 1022 1411 1056 accederemus,
1425 1031 1504 1062 quae,
1519 1021 1610 1050 dum·

150 1080 244 1111 modo
257 1081 350 1112 lectio
364 1087 551 1122 perpurgata
566 1081 615 1115 sit,
631 1091 686 1121 pro
702 1079 852 1120 cujusque
876 1090 967 1110 sensu
991 1087 1082 1120 atque
1106 1080 1232 1110 arbitrio
1256 1080 1375 1110 institui
1396 1086 1510 1120 potest.
1555 1078 1611 1109 Se-

150 1140 240 1182 quuti
255 1147 358 1172 autem
374 1151 477 1171 sumus
496 1141 529 1170 in
544 1141 602 1170 hac
624 1147 689 1170 tota
712 1140 928 1170 dissertatione
952 1139 1148 1169 novissimam
1172 1139 1382 1169 recensionem
1398 1138 1526 1180 Heynii,
1540 1148 1610 1179 quar

151 1209 212 1240 quo
227 1200 324 1242 magis
337 1200 456 1231 caeteris
471 1200 614 1230 omnibus
638 1205 773 1240 praestat,
788 1210 826 1229 co
848 1199 948 1240 majus
970 1199 1190 1233 mutationum,
1211 1199 1406 1229 metricarum
1431 1198 1611 1239 praesertim,

150 1269 220 1299 quae
242 1258 275 1288 in
299 1259 418 1289 caeteris
443 1258 673 1289 recensionibus
703 1258 942 1288 innumerabiles
970 1260 1079 1288 iuturae
1105 1264 1204 1292 erant,
1225 1257 1353 1287 fecimus
1378 1257 1610 1297 compendium.

150 1315 359 1352 Quamobrem
374 1317 541 1359 saepissime
567 1318 644 1347 nihil
669 1318 818 1348 monitum
839 1324 895 1353 est,
913 1319 965 1348 ubi
990 1324 1114 1358 recepta
1137 1317 1229 1347 lectio
1253 1318 1292 1347 ad
1313 1317 1468 1357 vulgarem
1483 1315 1610 1357 quidem

151 1382 316 1407 metrorum
329 1377 480 1407 rationem
494 1387 557 1407 non
573 1383 766 1418 congrueret,
782 1378 836 1408 sed
852 1388 923 1408 cuin
940 1383 1044 1408 nostra
1068 1383 1172 1407 tamen
1187 1376 1395 1418 descriptione
1411 1376 1611 1417 conspiraret.

854 1479 900 1510 II.

720 1548 767 1579 De
790 1550 1029 1589 interpunctione.

195 1617 256 1649 Sed
268 1617 389 1648 dicatur
399 1618 465 1660 jam
475 1619 515 1649 de
530 1619 577 1654 iis,
587 1629 655 1660 quae
671 1629 750 1650 verae
766 1628 837 1651 sunt
850 1631 884 1651 ac
899 1621 1042 1661 genuina:
1055 1631 1197 1651 versuum
1206 1620 1488 1651 distribuendorum
1500 1629 1611 1651 causae.

152 1675 191 1707 111
206 1677 316 1718 quibus
334 1677 432 1717 primo
447 1677 514 1708 loco
525 1680 793 1708 commemoranda
807 1680 1017 1718 interpunctio
1027 1687 1082 1713 est,
1094 1680 1303 1718 orationisque
1316 1680 1502 1709 terminatio·
1532 1679 1611 1714 Quae

151 1735 208 1766 etsi
222 1746 285 1766 non
305 1745 447 1774 magnam
463 1735 524 1763 vim
539 1735 656 1764 habent
679 1735 710 1764 in
727 1735 838 1765 finibus
853 1741 946 1774 atque
961 1735 1057 1765 initiis
1074 1745 1215 1765 versuum
1237 1735 1446 1771 inveniendis,
1462 1737 1547 1767 haud
1564 1743 1610 1768 ta-

150 1803 222 1823 men
234 1793 411 1833 spernenda
424 1803 531 1834 earum
544 1793 715 1823 admonitio
728 1799 786 1823 est.
831 1792 1002 1832 Saepissime
1018 1794 1110 1829 enim,
1128 1800 1161 1824 ut
1176 1805 1232 1835 par
1247 1801 1303 1830 est,
1319 1795 1371 1825 ubi
1387 1806 1491 1826 versus
1506 1801 1538 1826 et
1553 1806 1610 1826 nu-

151 1840 230 1883 meri·
241 1853 454 1888 terminantur,
468 1852 511 1882 ibi
533 1853 626 1882 etiam
649 1852 795 1882 orationis
818 1852 921 1893 aliqua
942 1853 1052 1883 incisio
1069 1860 1100 1884 et
1117 1864 1214 1894 pausa
1228 1855 1271 1884 fit.
1316 1853 1428 1895 Neque
1445 1855 1527 1885 enim
1543 1855 1608 1886 sine

149 1911 283 1953 quadam
298 1910 448 1946 molestia,
462 1911 515 1940 ubi
530 1903 652 1941 numeri
667 1910 794 1940 ulterius
809 1912 1058 1951 progrediuntur,
1071 1913 1149 1942 finiri
1164 1914 1261 1943 oratio
1279 1920 1396 1954 potest3
1412 1924 1476 1961 ¹nec
1491 1920 1610 1944 contra,

149 1981 244 2012 quum
259 1971 406 2001 desinunt
421 1970 551 2006 numeri,
566 1978 649 2001 recte
673 1971 904 2003 continuabitur
921 1971 1070 2002 orationis
1093 1973 1250 2003 circuitus·
1297 1972 1388 2008 Quod
1410 1974 1611 2014 quemadmo-

149 2029 225 2061 dum
241 2030 261 2060 ii
278 2030 390 2071 po'etae,
401 2031 454 2071 qui
471 2030 608 2071 elegiaco
623 2030 758 2061 carmine
775 2030 820 2059 usi
835 2036 917 2065 sunt,
933 2033 1143 2067 observarunt,
1161 2038 1194 2062 ut
1213 2032 1339 2072 singulis
1355 2032 1494 2062 distichis
1508 2033 1612 2074 singu-

150 2089 195 2120 las
218 2087 379 2121 verborum
403 2090 634 2131 complexiones
656 2090 862 2125 includerent,
878 2091 921 2121 ita
942 2090 1032 2131 lyrici
1052 2091 1146 2121 etiam
1167 2092 1269 2131 po'etae
1283 2092 1426 2121 eamdem
1448 2091 1549 2131 legem
1567 2097 1611 2122 te-

149 2160 255 2182 nuere.
300 2149 369 2180 Nec
384 2156 488 2180 tamen
511 2150 543 2180 in
559 2161 597 2180 ea
622 2149 791 2190 religiosius
814 2150 1028 2180 inhaerendum
1053 2156 1221 2190 putarunt:
1245 2160 1416 2191 magnaque
1432 2150 1610 2180 adhibenda

151 2211 253 2242 cautio
268 2216 325 2246 est,
339 2220 379 2240 ne
397 2217 511 2242 temere
528 2211 674 2241 orationis
687 2211 887 2241 incisionibus
903 2210 1136 2240 accommodare
1151 2220 1293 2241 numeros
1303 2211 1488 2241 laboremus.
1525 2210 1610 2240 Nam

152 2275 185 2300 ut
199 2269 328 2310 elegiaci
343 2270 444 2310 poetae
460 2271 570 2310 saepius
593 2270 632 2299 ab
656 2269 708 2300 illa
730 2269 939 2310 aequabilitate
956 2275 1157 2305 recesserunt,
1173 2270 1217 2300 ita
1239 2270 1329 2311 lyrici
1345 2270 1416 2310 jure
1441 2281 1495 2301 suo
1517 2271 1610 2311 longe

150 2334 223 2359 nunt
238 2328 271 2359 in
286 2330 344 2360 hac
359 2340 391 2360 re
405 2329 572 2364 liberiores,
588 2340 717 2371 quotum
733 2337 764 2360 et
779 2318 903 2359 dicendi
919 2340 1017 2370 genus
1032 2328 1217 2359 concitatius
1231 2335 1278 2360 est
1293 2335 1385 2370 atque
1402 2329 1441 2359 ab
1457 2328 1610 2370 elegiaco-

152 2397 219 2417 rum
235 2387 447 2418 moderatione
464 2399 584 2429 prorsus
596 2389 741 2423 alienum,
757 2395 789 2419 et
805 2388 924 2419 numeri
947 2398 1028 2428 saepe
1047 2387 1129 2417 iuter
1144 2398 1176 2417 se
1192 2387 1386 2418 dissimillimi
1400 2393 1483 2422 sunt,
1495 2398 1530 2418 ac
1546 2387 1612 2417 leni

151 2445 206 2477 illo
221 2453 313 2488 atque
327 2448 469 2488 aequabili
490 2449 620 2478 decursu
636 2448 736 2479 vacui.
780 2447 872 2479 Unde
893 2448 976 2478 haud
998 2457 1065 2477 raro
1088 2456 1130 2476 ne
1151 2446 1184 2476 in
1206 2447 1401 2487 stropharum
1416 2446 1541 2486 quidem
1555 2446 1612 2476 de·

153 2506 372 2547 scriptionibus
387 2507 485 2537 oratio
500 2518 532 2538 se
547 2509 696 2543 continet,
712 2508 767 2538 sed
782 2513 911 2548 partem,
927 2517 993 2548 quae
1015 2506 1131 2547 reliqua
1145 2512 1202 2540 est,
1217 2506 1256 2536 ad
1279 2512 1444 2546 sequentes
1467 2514 1612 2535 numero·

152 2566 344 2611 transmittit.
390 2565 502 2608 Itaque
523 2567 592 2601 etsi,
607 2577 677 2607 quae
701 2567 772 2596 hinc
794 2566 917 2596 ducitur
939 2575 1082 2596 versuum
1105 2565 1369 2606 disponendorum
1392 2563 1479 2599 ratio,
1493 2563 1612 2594 lubrica

153 2623 319 2654 ndmodum
335 2629 383 2655 est
404 2630 495 2666 atque
511 2624 640 2659 incerta,
655 2635 719 2655 non
733 2625 869 2655 debebat
888 2631 992 2654 tamen
1008 2623 1167 2665 praeteriri,
1181 2622 1254 2664 quia
1268 2632 1350 2662 saepe
1366 2623 1458 2652 modo
1474 2621 1539 2653 sola
1553 2632 1610 2663 per

152 2691 196 2718 se,
212 2688 277 2714 tum
293 2682 359 2714 aliis
373 2683 467 2714 etiam
482 2683 631 2725 adjuncta
645 2684 746 2715 causis
760 2694 864 2714 veram
879 2693 1022 2715 versuum
1038 2681 1286 2716 terminationem
1302 2679 1415 2722 prodit.
