1836 3247
249 206 287 252 4
767 195 815 249 G
828 237 839 248 .
870 194 1171 251 Hermanni

249 341 302 383 qui
318 341 439 371 illorum
461 343 633 382 poetarum,
650 350 725 382 quos
740 339 815 376 dixi,
830 351 975 372 numeros
987 343 1153 374 emendare
1170 344 1304 374 student.
1350 342 1463 384 Neque
1477 352 1551 374 vero
1565 341 1657 384 pauci
1671 341 1705 373 in

248 401 316 441 ipso
327 400 463 430 Pindaro
478 400 538 430 loci
554 407 634 434 suut,
650 399 681 428 in
697 399 809 439 quibus
821 400 949 430 dubium
963 402 1115 438 videatur,
1129 414 1191 445 quo
1206 413 1318 444 genere
1329 403 1418 433 metri
1432 412 1505 432 usus
1520 402 1569 432 sit.
1600 400 1706 437 Quare

250 460 430 490 adumbrata
446 459 593 500 cujusque
611 458 754 488 carminis
771 458 878 494 forma,
891 469 980 500 quam
996 461 1121 496 deinde,
1136 461 1321 502 comparatis
1335 461 1416 491 inter
1430 471 1462 491 se
1478 460 1545 491 aliis
1558 459 1708 490 similibus

247 520 393 553 numeris,
410 526 575 559 notataque
592 517 817 548 consuetudine
839 516 976 554 Pindari,
991 520 1174 561 corrigerem
1194 526 1226 551 et
1248 521 1480 556 conformarem,
1495 519 1616 560 singula
1630 517 1704 549 Pin-

249 579 316 610 dari
330 585 426 609 metra
441 579 599 618 descripsi,
615 588 631 607 e
647 587 775 617 quorum
788 578 1018 618 comparatione
1033 581 1175 620 cognovi,
1190 581 1223 611 id
1238 581 1321 622 quod
1337 586 1409 610 ante
1426 580 1597 620 suspicatus
1611 587 1708 613 eram,

249 648 312 669 non
329 638 495 667 admodum
513 637 606 666 multa
629 644 736 671 metra,
751 647 819 677 quae
833 642 949 667 certam
973 647 1008 667 ac
1032 639 1173 669 stabilem
1198 639 1325 669 formam
1346 640 1506 674 haberent,
1521 638 1554 668 in
1569 637 1708 668 Pindaro

248 697 390 732 inveniri,
406 698 436 726 in
460 697 556 738 iisque
572 707 637 726 esse
654 696 804 736 quaedam,
816 706 883 736 quae
900 696 974 726 alibi
988 707 1137 738 nusquam
1153 697 1456 735 animadvertissem
1478 703 1589 727 caetera
1603 694 1709 725 omnin

249 766 320 786 eum
336 757 375 786 ad
394 767 480 786 suum
497 767 630 790 sensum,
642 755 785 795 nullaque
803 755 964 785 observata
977 766 1048 785 usus
1063 757 1238 786 constantia
1253 756 1418 786 effinxisse·
1463 755 1575 796 ltaque
1597 753 1708 795 saepiun

250 815 383 856 repetita
395 815 527 845 lectione
543 824 667 854 operam
683 814 766 849 dedi,
783 819 815 843 ut
832 813 958 843 Pindari
976 824 1119 843 numeros
1130 814 1332 848 restituerem,
1347 814 1429 854 quod
1445 814 1547 854 quoad
1559 812 1625 844 fieri
1639 821 1709 853 pos·

250 874 298 908 sit,
314 874 395 904 infra
410 874 542 909 dicetur,
557 874 705 914 siumlque
724 884 773 909 ea,
788 884 856 914 quae
872 878 979 903 contra
1003 877 1133 902 metrum
1150 872 1197 902 vel
1213 872 1245 901 in
1267 871 1355 902 libris
1371 872 1485 912 scripta
1498 877 1611 906 essent,
1624 871 1674 901 vel
1690 881 1709 901 a

248 933 360 963 criticis
376 934 454 964 male
469 934 563 968 illata,
575 934 743 963 indicarem
761 939 852 973 atque
868 932 1060 972 corrigerem·
1106 930 1188 961 Nam
1203 932 1257 972 qui
1270 932 1419 962 hactenus
1429 930 1556 962 Pindari
1567 940 1710 961 numero}

249 993 416 1022 emendare
431 993 534 1022 conati
556 998 637 1027 sunt,
654 992 674 1021 ii
690 1001 752 1021 non
769 991 865 1021 solum
890 992 986 1022 multa
1008 992 1232 1033 praeterierunt,
1249 992 1303 1022 sed
1327 991 1458 1031 plurima
1477 991 1572 1022 etiam
1593 996 1710 1022 temere

250 1057 413 1081 novarunt.
461 1050 598 1087 Quorum
617 1051 730 1091 primus
751 1049 896 1080 Erasmus
912 1051 1097 1086 Schmidius,
1113 1051 1165 1093 qui
1190 1051 1339 1092 majorem
1355 1062 1373 1081 a
1388 1051 1549 1092 diligentia
1563 1060 1655 1092 quam
1670 1050 1711 1080 ab

248 1111 375 1151 ingenio
391 1111 691 1141 commendationem
709 1112 814 1144 habet,
829 1121 891 1140 non
908 1117 954 1140 est
969 1121 1058 1140 ausus
1073 1112 1214 1141 deserere
1231 1110 1445 1141 auctoritatem
1462 1109 1633 1140 scholiastae
1647 1119 1711 1140 me·

249 1170 327 1205 uici,
340 1169 471 1200 hominis
483 1180 604 1210 prorsus
619 1170 746 1200 indocti.
794 1169 937 1200 Pauwius
953 1176 1067 1205 autem,
1084 1171 1174 1200 homo
1190 1176 1330 1200 veterum
1345 1169 1540 1200 metricorum
1555 1169 1710 1200 erroribu-

249 1229 341 1270 plane
365 1229 510 1264 imbutus,
525 1240 610 1259 suam
637 1229 732 1269 ipsius
756 1229 940 1269 imperitiam
967 1228 1119 1270 adjunxit.
1167 1229 1236 1259 Nec
1251 1229 1369 1259 deinde
1391 1229 1459 1265 fuit,
1473 1228 1527 1270 qui
1548 1228 1589 1259 de
1605 1226 1711 1259 metris

249 1289 379 1319 Pindari
399 1289 581 1328 disputaret,
604 1290 705 1319 donec
729 1288 773 1318 Io.
789 1288 898 1330 Aloys.
916 1289 1130 1330 Mingarellus,
1146 1288 1254 1324 Italus,
1270 1290 1428 1319 mutanda*
1441 1299 1585 1319 versuum
1607 1287 1712 1318 distri-

249 1349 377 1379 butione
393 1359 504 1378 novam
520 1349 709 1378 emendandi
733 1349 823 1378 metri
846 1349 926 1378 viam
942 1348 1071 1389 aperuit.
1117 1347 1220 1388 Hujus
1236 1353 1301 1378 tum
1316 1348 1510 1389 conjecturas
1525 1347 1565 1378 de
1580 1345 1711 1377 Pindari

249 1407 328 1442 odis,
344 1407 480 1437 Bononii
497 1419 524 1436 a.
547 1410 635 1437 1772.
653 1407 763 1442 editas,
779 1413 844 1437 tum
868 1408 941 1437 alias
963 1407 1096 1438 ineditas
1111 1409 1355 1443 emendationes,
1371 1418 1446 1449 quas
1462 1407 1606 1449 Heynius
1621 1407 1712 1437 nobis

249 1467 384 1500 miserat,
399 1466 564 1506 diligenter
585 1466 802 1501 consuluimus,
819 1466 850 1495 in
863 1466 975 1507 quibus
987 1465 1200 1506 Mingarellus,
1215 1467 1274 1496 etsi
1291 1467 1402 1507 saepius
1418 1476 1522 1496 veram
1543 1471 1711 1496 metrorum

249 1527 401 1556 rationem
417 1531 597 1566 assequutus
612 1531 669 1560 est,
682 1531 796 1560 tamen,
811 1527 955 1567 quoniam
972 1526 1139 1561 nesciebat,
1160 1537 1228 1567 quae
1243 1537 1343 1556 causae
1359 1531 1464 1555 essent
1482 1524 1712 1555 distribuendo-

249 1596 315 1615 rum
331 1595 484 1620 versuum,
498 1586 656 1626 ingentem
671 1595 833 1615 numerum
845 1584 989 1614 vitiorum
1005 1595 1044 1614 ne
1057 1584 1276 1614 animadvertit
1289 1585 1416 1625 quidem
1427 1595 1436 1622 ;
1450 1584 1511 1614 alia
1523 1589 1628 1614 autem
1636 1583 1711 1614 dum

250 1644 358 1673 tollere
381 1643 489 1677 voluit,
508 1643 596 1672 novis
619 1643 704 1672 auxit
724 1642 892 1672 erroribus·
938 1642 1007 1673 Nec
1022 1648 1127 1673 tamen
1150 1653 1204 1673 sua
1225 1643 1319 1673 laude
1341 1643 1577 1673 defraudandus
1599 1648 1646 1673 est
1666 1642 1714 1673 vir

250 1701 501 1735 modestissimus,
516 1701 569 1741 qui
581 1710 675 1740 quum
690 1700 722 1729 in
738 1700 790 1729 illo
809 1709 921 1740 genere
938 1706 1065 1729 caeteros
1080 1701 1198 1736 vicerit,
1213 1707 1277 1730 turn
1294 1701 1371 1730 nihil
1382 1701 1540 1736 erraverit,
1553 1701 1612 1732 nisi
1627 1701 1713 1742 quod

248 1762 332 1792 idem
346 1760 451 1791 caeteri
465 1769 571 1789 omnes
587 1765 736 1790 errarunt.
781 1758 927 1799 Longius,
943 1769 1034 1799 quam
1059 1758 1274 1799 Mingurellus,
1289 1759 1437 1799 processit
1453 1758 1500 1789 Io.
1518 1759 1617 1789 Henr.
1632 1759 1714 1790 Vos-

249 1820 321 1855 sius,
339 1820 391 1862 qui
405 1820 438 1849 in
454 1819 594 1850 versione
610 1819 680 1849 libri
695 1818 929 1848 Blackwelliani
944 1819 984 1847 de
1000 1817 1062 1847 vita
1073 1824 1105 1847 et
1120 1818 1241 1858 scriptis
1252 1817 1379 1848 Homeri
1392 1828 1421 1858 p.
1439 1820 1508 1848 181.
1533 1817 1713 1850 Scholiasta

248 1880 368 1910 metrici
379 1884 556 1910 commenta
570 1879 662 1919 plane
672 1878 867 1918 repudianda
882 1877 1084 1907 existimavit:
1100 1887 1285 1918 quamquam
1301 1878 1367 1918 ipse
1382 1877 1416 1908 in
1427 1879 1566 1908 versibus
1574 1877 1716 1915 Pindari,

250 1949 328 1980 quos
343 1939 386 1969 ibi
402 1938 502 1973 affert,
517 1948 581 1967 non
597 1944 643 1968 est
659 1947 747 1967 veros
763 1947 907 1966 numeros
919 1942 1108 1977 assequutus.
1156 1936 1224 1967 Nec
1239 1936 1291 1977 qui
1308 1937 1422 1969 deinde
1434 1937 1467 1967 in
1479 1939 1715 1970 commentatio-

251 1999 342 2030 nibus
355 1999 532 2030 Academiae
546 1998 780 2038 inscriptionum
797 1996 979 2027 Parisiensis
1002 2002 1076 2026 tom.
1093 1996 1164 2026 xlvi·
1181 2003 1279 2026 metra
1295 1995 1425 2026 Pindari
1448 2007 1480 2027 se
1503 2003 1712 2029 correcturum

251 2060 405 2100 professus
419 2064 475 2094 est,
490 2058 519 2089 V
523 2057 690 2093 auvilliers,
701 2067 845 2098 magnam
860 2056 1123 2097 exspectationem
1147 2056 1322 2086 concitavit.
1367 2055 1430 2091 Qui
1452 2066 1521 2098 quae
1536 2057 1568 2087 in
1587 2057 1646 2088 hoc
1661 2067 1714 2099 ge-

251 2129 325 2149 nere
342 2117 511 2159 specimina
534 2117 643 2152 edidit,
664 2117 695 2147 in
718 2117 756 2146 iis
778 2117 823 2146 uti
844 2117 984 2157 quasdam
1000 2126 1082 2162 vera,
1102 2116 1146 2146 ita
1168 2115 1300 2156 plurima
1314 2126 1408 2156 quum
1429 2115 1463 2146 in
1478 2122 1577 2147 metro
1591 2122 1657 2148 tum
1677 2117 1712 2148 in

251 2178 396 2219 prosodia
411 2186 532 2218 quoque
549 2176 710 2206 falsissima
725 2181 805 2206 suut.

294 2238 448 2268 Nimirum
465 2238 516 2268 ubi
533 2248 613 2268 nova
631 2238 783 2278 planeque
799 2238 839 2267 ad
862 2236 1021 2267 arbitrium
1044 2234 1205 2275 poetarum
1227 2233 1400 2274 composita
1415 2240 1514 2264 metra
1533 2235 1714 2276 indagando

251 2304 422 2333 sunt,certa
433 2298 564 2338 quadam
576 2297 625 2326 via
634 2303 665 2327 et
678 2297 797 2327 ratione
808 2302 893 2326 utare
905 2305 1029 2326 necesse
1041 2301 1098 2329 est,
1107 2305 1169 2335 qua
1178 2294 1230 2324 ubi
1242 2294 1394 2335 incipiant
1405 2305 1520 2329 versus,
1530 2295 1581 2325 ubi
1592 2295 1714 2332 finiant,

250 2368 427 2398 cognoscas.
474 2357 513 2386 In
536 2357 593 2387 hac
616 2357 700 2387 enim
724 2367 756 2387 re
781 2357 910 2386 maxime
937 2361 1098 2396 peccatum
1122 2355 1153 2383 in
1176 2353 1293 2383 melicis
1315 2354 1504 2384 carminibus
1519 2354 1713 2386 invenimus:

251 2427 343 2457 quam
361 2417 385 2446 si
408 2417 475 2458 quis
501 2417 595 2456 probe
611 2416 764 2457 cognitam
789 2416 892 2450 habet,
908 2416 948 2445 de
971 2414 1088 2445 caeteris
1112 2423 1175 2442 non
1199 2419 1245 2442 est
1267 2414 1349 2454 quod
1373 2424 1562 2454 magnopere
1584 2414 1715 2447 laboret.

252 2475 419 2516 Descripto
434 2477 516 2505 enim
534 2486 675 2506 versuum
693 2475 819 2510 ambitu,
835 2483 946 2505 caetera
966 2484 1003 2504 ex
1025 2473 1072 2508 iis,
1088 2483 1155 2513 quae
1171 2471 1321 2512 cujusque
1337 2473 1457 2502 numeri
1480 2473 1614 2514 propriae
1628 2473 1713 2516 lege·

252 2542 332 2570 sum,-
348 2536 437 2564 facilc
455 2535 690 2575 perspiciuntur.
737 2533 807 2569 Quo
824 2535 919 2575 magis
940 2539 1061 2574 oportet
1083 2542 1187 2562 curam
1203 2532 1370 2566 adhibere,
1381 2538 1415 2562 ut
1431 2532 1512 2562 hanc
1524 2542 1652 2564 omnem
1667 2543 1715 2563 rn-

253 2595 378 2629 tionem,
394 2595 459 2624 sine
474 2604 536 2634 qua
550 2593 627 2622 nihil
643 2594 675 2623 in
692 2594 749 2623 hoc
766 2604 880 2634 genere
896 2593 970 2624 certi
986 2598 1043 2626 est,
1058 2592 1222 2632 diligenter
1236 2591 1435 2631 explicemus.
1472 2590 1551 2627 Quae
1565 2592 1713 2632 quoniam.

252 2655 453 2694 praetermissa
469 2655 507 2683 ab
524 2654 613 2683 nobis
628 2659 674 2683 est
697 2653 727 2682 in
744 2654 790 2687 iis,
807 2663 875 2694 quse
891 2650 1046 2693 superiore
1069 2661 1151 2681 anno
1166 2651 1206 2680 de
1229 2650 1333 2680 metris
1355 2651 1516 2691 poetarum
1533 2649 1712 2682 Graecorum

251 2718 283 2742 et
295 2712 503 2742 Romanorum
522 2713 703 2752 scripsimus,
716 2713 817 2742 liic-de
833 2712 958 2742 caelare
974 2717 1065 2752 atque
1077 2715 1221 2740 accurate
1231 2710 1399 2740 dicendum
1415 2709 1599 2752 putavimus.
1628 2708 1712 2741 Nam

252 2777 284 2800 et
300 2781 346 2802 res
361 2771 428 2811 ipsu
444 2771 560 2803 thollius
575 2771 773 2812 intelligetur,
789 2770 814 2800 si
829 2771 933 2801 omnia
954 2771 985 2801 in
1002 2781 1096 2804 unum
1111 2772 1214 2804 locum
1230 2778 1376 2815 congesta
1396 2783 1462 2806 uno
1479 2776 1648 2815 compecti}
1662 2771 1711 2804 in-
