1815 3262
317 271 624 324 Comment.
650 268 718 320 de
745 267 926 319 metr-is
957 264 1194 317 Pindari.
1249 266 1310 317 P.
1345 274 1388 318 1.
1514 273 1574 318 11

128 417 290 450 Romanos
306 417 338 453 ii,
349 416 402 458 qui
418 415 537 446 fabulas
552 415 696 448 docuere,
716 421 860 453 magnam
879 415 983 441 tamen
1005 419 1110 441 curam
1130 408 1340 439 adhibendam
1361 408 1585 444 existimarunt,
1620 397 1622 400 v

77 512 88 518 κ
128 489 170 509 ne
186 490 256 509 eum
278 478 370 518 plane
395 474 551 506 obscurari
576 479 667 514 atque
690 471 875 502 intercidere
899 474 1087 510 paterentur.
1132 467 1171 497 In
1195 477 1254 508 quo
1278 477 1390 507 genere
1414 467 1437 496 si
1461 468 1585 506 quando

127 537 366 579 negligentiores
380 535 516 568 fuerunt,
531 533 612 574 quod
629 531 772 561 omnibus
786 529 923 560 omnium
939 527 1078 569 gentium
1095 526 1196 567 potitis
1213 525 1335 561 accidit,
1350 525 1371 555 ii
1387 524 1445 555 loci
1461 524 1492 554 in
1505 524 1588 555 vitii.

129 597 313 628 numerandi
327 599 411 628 sunt,
425 603 526 634 neque
541 602 578 622 eo
595 591 708 626 valent,
724 595 758 620 ut
772 589 810 619 ad
827 587 1061 618 defendendum
1077 585 1253 616 criticorum
1269 584 1412 614 inertiam
1431 582 1588 624 exemplo-

130 667 198 688 rum
213 656 273 686 vim
291 655 438 684 habeant.
480 651 542 682 Hic
561 650 646 681 enim
669 658 824 683 numerus,
839 647 869 677 in
887 657 948 688 quo
971 645 1103 675 maxima
1126 644 1274 674 sermonis
1296 643 1498 684 perspicuitas
1521 653 1588 683 pro—

129 713 397 754 nunciationisque
411 712 565 753 elegantia
580 707 870 744 continetur‚etiam
890 705 922 735 in
945 704 1083 734 versibus
1106 703 1272 743 diligenter
1294 702 1504 740 observandus
1519 708 1586 731 est:

92 804 95 808 ,
129 783 191 815 quo
205 771 348 812 neglecto
362 771 406 801 ita
420 770 638 810 discerpuntur
653 778 688 798 ac
703 768 876 797 lacerantur
892 763 1051 798 vocabula,
1066 768 1101 792 ut
1116 761 1208 792 etiarn
1219 762 1250 791 in
1267 761 1491 802 religiosissima
1502 771 1590 790 men-

129 841 206 862 surae
222 830 392 861 subtilitate
408 830 457 859 vix
472 828 604 869 intelligi
618 832 743 868 queant.
788 823 827 854 Id
852 824 983 853 maxime
1006 823 1038 852 in
1061 822 1185 853 comicis
1206 821 1325 851 Latinis
1340 821 1586 851 animadvertere

125 890 210 926 licet,
225 900 301 931 quos
315 894 386 920 ante
403 888 582 918 Bentleium
597 887 649 928 qui
663 885 815 925 corrigere
826 882 928 913 conati
947 887 1026 916 sunt,
1037 881 1057 911 ii
1074 891 1127 911 eos
1138 880 1348 911 sordidissima
1363 879 1502 910 soeditate
1515 889 1588 909 con-

125 949 327 983 terminarunt,
342 948 374 978 in
398 947 494 988 iisque
517 948 584 987 ipse
607 947 654 976 M.
670 946 746 976 Ant.
763 943 918 976 Muretus,
934 942 1025 971 homo
1048 940 1305 982 elegantissimus,
1321 940 1373 981 qui
1392 938 1502 980 quibus
1526 935 1587 969 tor-

126 1008 240 1039 mentis
253 1007 400 1037 Plautum
415 1006 610 1040 distenderit,
624 1003 866 1036 luculentissima
888 1002 1076 1031 documenta
1097 1005 1219 1031 exstant
1235 1001 1267 1030 in
1283 1000 1350 1042 ejus
1370 999 1461 1030 variis
1483 999 1589 1030 lectio-

128 1066 221 1098 nibus
235 1077 264 1096 v.
280 1069 308 1097 6.
325 1077 375 1096 xv.
395 1067 443 1096 13.
459 1065 521 1094 xvi.
540 1067 591 1095 14.

173 1124 234 1155 Sed
250 1135 412 1166 pergarnus
430 1125 470 1154 de
487 1133 615 1154 numero
629 1124 849 1155 vocabulorum
864 1133 1031 1164 exponere.
1075 1121 1123 1152 Ac
1138 1132 1234 1163 quum
1249 1121 1280 1151 in
1297 1131 1482 1163 unoquoque
1500 1131 1589 1151 voca·

130 1183 203 1214 bulo
218 1193 326 1214 omnes
341 1183 475 1224 syllabae,
492 1188 527 1213 ut
541 1188 644 1223 partes
658 1181 736 1223 ejus,
751 1183 916 1213 arctissime
932 1182 1035 1223 potius
1049 1181 1287 1222 conjungendae,
1297 1191 1389 1221 quam
1409 1180 1509 1221 longis
1524 1179 1591 1224 qui-

130 1243 260 1273 busdam
276 1242 445 1273 intervallis
459 1242 643 1273 divellendae
655 1241 727 1277 sint,
740 1248 982 1272 consentaneum
995 1247 1052 1276 est,
1062 1252 1222 1271 numerum
1239 1240 1271 1269 in
1284 1239 1424 1281 quolibet
1438 1238 1588 1269 vocabulo

129 1303 262 1332 maxime
279 1301 466 1332 concinnum
481 1312 558 1336 esse,
575 1307 607 1331 ut
624 1301 689 1331 sine
706 1300 773 1331 ullis
788 1300 1019 1342 impedimentis
1039 1300 1078 1330 ab
1094 1300 1183 1329 initio
1207 1310 1304 1340 usque
1320 1299 1359 1328 ad
1376 1299 1468 1328 finem
1489 1297 1589 1329 conti-

127 1362 218 1393 nuari
232 1367 336 1403 queat·
381 1361 488 1398 Quare
499 1362 591 1402 longe
607 1362 646 1391 ad
663 1361 781 1392 aurium
796 1360 987 1400 voluptatem
1010 1359 1205 1389 suavissimus
1224 1358 1257 1388 in
1272 1358 1430 1388 vocabulis
1445 1366 1588 1388 numerus

128 1420 250 1462 ost,qui
264 1431 303 1450 ex
318 1431 380 1451 uno
403 1418 621 1460 sive‘simplici
644 1419 707 1450 sive
731 1418 890 1460 periodico
912 1419 1022 1451 ordine
1044 1423 1174 1449 constat.
1220 1417 1282 1448 Sed
1305 1429 1399 1459 quum
1419 1417 1532 1448 diversi
1556 1417 1589 1447 in

131 1490 194 1511 uno
210 1480 360 1510 vocabulo
375 1479 499 1510 ordines
514 1485 595 1514 sunt,
610 1479 631 1508 ii
647 1479 763 1519 duplici
784 1483 905 1508 tantum
928 1478 1047 1508 ratione
1070 1484 1165 1513 reete,
1180 1483 1212 1507 et
1234 1483 1267 1507 ut
1290 1477 1414 1507 auribus
1435 1477 1589 1518 placeant,

127 1539 276 1581 conjungi
292 1544 429 1580 possunt.
475 1538 559 1568 Nam
575 1543 627 1569 aut
644 1537 716 1567 novi
732 1537 857 1566 ordines
872 1537 940 1577 ipsa
955 1547 1009 1566 sua
1024 1537 1082 1566 arsi
1098 1545 1167 1577 post
1183 1537 1424 1577 praecedentium
1446 1536 1588 1566 ordinum

127 1599 230 1629 thesin
244 1598 426 1632 succedunt,
440 1602 476 1627 ut
498 1597 532 1626 in
556 1598 625 1632 hoc,
646 1595 869 1635 ἐ’μπεδόσθενεαι,
889 1601 942 1626 aut
963 1596 1088 1626 ordines
1111 1595 1171 1626 arsi
1193 1595 1372 1625 terminatos
1395 1594 1498 1624 statim
1515 1595 1589 1624 arsis

127 1657 257 1688 aliorum
274 1657 417 1687 ordinum
433 1656 559 1697 excipit,
577 1662 609 1686 ut
630 1656 662 1686 in
677 1657 746 1691 hoc,
763 1654 969 1696 ὖπάσπίςορες.
1013 1655 1076 1691 Qui
1098 1660 1248 1695 praeterea
1269 1653 1437 1694 excogitari
1462 1659 1590 1693 possunt

127 1716 272 1750 ordinum
294 1716 582 1760 conjungendorum
599 1715 692 1748 modi,
708 1715 739 1743 hi
755 1719 836 1747 sunt,
853 1719 888 1742 ut
903 1713 1044 1742 ordinem
1060 1712 1109 1741 vel
1132 1712 1192 1740 arsi
1214 1711 1263 1740 vel
1286 1711 1366 1741 thesi
1389 1711 1587 1741 terminatum

128 1776 205 1806 alius
220 1777 296 1805 ordo
310 1785 380 1805 cum
397 1773 537 1803 anacrusi
552 1778 707 1818 sequatur.
754 1771 852 1812 Cujus
868 1771 911 1800 rei
924 1770 956 1799 in
973 1768 1058 1798 nullo
1073 1779 1228 1810 quoquam
1244 1768 1395 1799 vocabulo
1411 1769 1585 1809 exemplum

127 1834 271 1869 occurrit,
286 1832 345 1864 nisi
359 1833 468 1873 siquod
486 1831 668 1862 vocabulum
682 1830 871 1872 negligentia
886 1829 1047 1870 poetarum
1059 1828 1091 1857 in
1109 1828 1244 1858 versibus
1259 1827 1367 1868 inepto
1382 1827 1450 1858 loco
1467 1828 1587 1858 adhibi—

128 1897 194 1924 t'urn
208 1897 266 1923 est.
309 1891 392 1922 Nam
409 1891 433 1921 si
448 1891 566 1921 aurium
583 1890 798 1932 probationem
814 1888 978 1929 sequimur,
993 1899 1060 1929 quae
1083 1887 1252 1918 certissima
1266 1886 1298 1917 in
1315 1888 1373 1917 hoc
1393 1898 1506 1928 genere
1523 1888 1585 1918 dux

128 1958 185 1988 cst,
200 1951 290 1983 facile
305 1950 587 1986 animadvertimus,
597 1951 765 1981 admodum
777 1948 911 1979 hiulcam
927 1958 963 1979 ac
978 1958 1066 1988 paene
1079 1948 1194 1978 nullam
1209 1947 1289 1978 effici
1302 1947 1444 1977 ordinum
1456 1947 1587 1986 conjun-

127 2011 272 2046 ctionem,
287 2010 341 2042 ubi
356 2009 512 2042 anacrusis
526 2009 558 2039 in
568 2009 717 2050 junctura
732 2009 780 2039 sit.
826 2007 876 2038 Ita
890 2007 923 2037 in
938 2007 1088 2038 vocabulo
1102 2006 1289 2040 Ἀπὸλλωνος
1307 2007 1434 2048 Olymp.
1450 2006 1491 2037 iii.
1510 2009 1559 2037 ‘282

471 2093 560 2134 δᾶμον
572 2092 766 2136 ‘''smqssoeim
781 2091 901 2127 πείσαις
915 2093 1028 2125 'Aa-67„-

553 2160 638 2188 λωνος
654 2153 826 2195 θεράποντα
844 2151 936 2192 Myro,

126 2247 158 2275 ot
170 2242 204 2273 in
219 2240 328 2284 αἰγείρῳ
342 2240 436 2272 Nem.
449 2241 492 2274 iv.
509 2244 560 2273 82.

471 2326 570 2368 Φθίᾳ.
616 2327 817 2366 Νεοπτόλεμος
833 2327 856 2358 δ’
872 2331 907 2360 ἇ-

512 2387 598 2430 πεῖξςιι
612 2385 780 2430 διαπρυσίᾳ.

126 2473 231 2516 Hujus
253 2474 298 2505 rei
320 2484 413 2505 causa
432 2474 464 2504 in
479 2474 547 2516 ipsa
562 2486 745 2506 anacruseos
760 2481 870 2508 natura
884 2478 985 2519 posita
999 2483 1054 2514 est,
1069 2489 1138 2520 quae
1154 2488 1277 2509 omnem
1293 2489 1488 2510 numerorum
1505 2489 1580 2509 oon·

116 2534 317 2576 junctionem
340 2533 432 2573 plane
455 2535 575 2565 evertit.
620 2535 701 2565 Nam
725 2547 820 2577 quum
836 2538 992 2568 anacrusis
1015 2549 1085 2579 pars
1100 2539 1139 2568 sit
1154 2538 1271 2569 ordinis
1286 2539 1439 2579 principio
1455 2538 1579 2573 infiniti,

123 2591 229 2622 omnia
242 2601 310 2631 quae
325 2600 394 2620 eam
410 2593 609 2628 antecedunt,
624 2593 775 2634 siquidem
793 2595 902 2627 codem
926 2607 995 2627 cum
1020 2597 1088 2638 ipsa
1108 2607 1238 2627 numero
1261 2598 1581 2638 comprehendantur,

123 2649 264 2691 ejusdem
280 2648 397 2678 ordinis
412 2649 520 2690 aliqnae
542 2656 645 2691 partes
667 2653 736 2688 sint,
752 2663 876 2685 necesse
891 2662 950 2686 est.
995 2646 1094 2697 Atqui
1110 2656 1163 2692 sic,
1178 2668 1247 2698 quae
1270 2657 1425 2687 anacrusis
1448 2657 1578 2697 putaba-

92 2722 106 2727 Δ
121 2713 180 2744 tur,
190 2707 258 2749 jam
275 2718 292 2738 e
314 2709 510 2748 praecedente
526 2711 583 2740 arsi
600 2711 760 2751 penderet,
775 2723 875 2755 neque
891 2713 1021 2755 amplius
1036 2720 1117 2745 esset
1137 2715 1303 2751 anacrusis‚
1318 2716 1371 2745 sed
1387 2715 1481 2745 thesis
1502 2726 1578 2756 prae-

118 2766 258 2799 cedentis
281 2767 415 2798 ordinis:
447 2774 481 2798 ut
503 2767 562 2799 ista
585 2771 735 2801 vocabula
758 2772 801 2802 sic
819 2773 954 2814 legenda
977 2773 1049 2809 sint,
1063 2774 1215 2803 Ἀπόλλω
1233 2773 1240 2816 1
1261 2773 1310 2809 νὸς,
1328 2774 1348 2804 ἇέ
1367 2772 1373 2816 Ι
1394 2772 1489 2817 magd,
1513 2785 1576 2806 non

115 2823 213 2857 ’Δῐῖλ
232 2823 238 2867 Ι
256 2824 356 2862 Andr,
372 2826 392 2857 ἅ
410 2825 418 2869 1
437 2826 534 2870 τειςῴ.
579 2828 622 2860 At
638 2841 710 2862 vero
726 2831 757 2862 id
773 2833 917 2874 prohibet
933 2834 1023 2866 metri
1037 2833 1133 2873 boens,
1149 2835 1181 2867 in
1193 2845 1253 2877 quo
1265 2835 1415 2867 collocata
1429 2835 1576 2877 sunt,qui
