1836 3247
217 216 290 265 24
737 202 809 276 G.
842 195 1146 252 Hermanni

216 343 366 389 micorum
387 352 514 385 licentia
535 350 741 382 alienissimus
764 355 821 383 est,
838 357 902 378 non
917 345 977 376 alia
993 342 1087 374 utitur
1103 339 1258 372 libertate.
1274 343 1368 376 quam
1383 340 1451 374 quae
1466 339 1535 360 cum
1559 335 1677 362 summa

219 415 292 449 artis
309 413 473 446 severitate
496 409 654 443 conciliari
677 409 779 450 possit.
825 407 909 438 Nam
931 403 1100 444 imparibus
1123 399 1208 432 locis,
1223 396 1276 438 qui
1290 396 1451 425 vocantur,
1466 399 1529 420 uon
1545 388 1604 418 nisi
1624 386 1677 416 tri-

217 476 375 509 brachum,
389 473 513 514 paribus
524 476 627 501 autem
643 470 739 500 etiam
755 467 926 508 spondeum
943 470 1033 505 atque
1050 465 1241 501 anapaestum
1257 454 1396 487 adhibet.
1409 449 1560 492 siquidem
1571 456 1677 478 versu·

218 545 236 572 e
251 533 395 575 dipodiis,
411 532 442 562 id
459 536 516 566 est,
529 541 566 560 ex
582 528 743 559 ordinibus
760 525 923 567 periodicis
944 522 1120 563 duplicibus
1137 522 1269 550 constat.
1315 514 1397 544 Nam
1421 510 1473 541 ubi
1488 506 1677 549 longioribus

217 593 378 624 ordinibus
390 592 495 625 utitur,
510 596 542 619 ut
558 587 670 628 triplici
686 585 866 617 catalectico
879 584 1007 625 Olymp.
1025 583 1045 614 i.
1058 581 1175 621 stroph.
1193 582 1225 609 8.
1250 576 1343 618 Pyth.
1360 574 1391 603 ii.
1406 583 1457 613 ep·
1471 573 1500 602 6.
1512 569 1561 599 vel
1577 571 1679 599 acata-

215 653 336 687 lectico,
351 651 403 693 qui
415 648 635 691 ithyphallicus
647 646 770 680 dicitur,
786 644 911 685 Olymp.
936 655 963 672 v.
984 642 1102 682 stroph.
1120 642 1148 670 3.
1172 640 1202 670 5.
1225 636 1273 666 vel
1289 630 1483 676 quadruplici
1497 626 1678 660 catalectico

217 712 344 754 Olymp.
362 711 382 741 i.
399 709 515 750 stroph.
533 711 563 739 ‹1-
582 711 610 738 6.
628 715 777 746 nusquam
793 709 845 734 aut
863 702 1001 743 spondeo
1018 708 1070 731 aut
1088 703 1245 738 anapaesto
1261 695 1345 725 locus
1359 697 1417 722 cst.

260 769 520 811 Frequentissime
536 772 640 796 autem
656 768 819 796 occurrunt
836 762 867 796 ii,
885 761 937 802 qui
950 770 1007 801 per
1021 755 1333 798 dipodiamleguntur
1349 763 1356 782 2
1377 750 1408 779 in
1424 747 1601 789 quibushoc
1609 753 1678 785 pro-

217 832 317 874 prium
328 830 464 860 Pindaro
473 825 619 867 est,quod
633 825 664 854 in
679 824 801 865 paribus
813 821 886 852 locis
900 820 1072 861 spondeum
1084 815 1233 846 collocare
1246 812 1334 842 solet.
1358 808 1427 839 Nec
1437 813 1541 838 tamen
1549 808 1636 835 tanta
1645 801 1678 832 in

218 892 276 922 hac
300 902 331 920 re
354 889 422 930 ejus
443 887 550 928 religio
570 890 627 920 est,
651 890 684 914 ut
709 880 874 913 trochaeum
900 880 991 921 plane
1016 878 1229 917 adspernetur,
1245 871 1326 912 quod
1351 868 1376 899 si
1399 865 1574 898 Schmidius
1596 864 1678 894 hene

218 949 419 982 meminisset,
434 957 515 988 saepe
532 955 597 976 non
620 948 768 974 mutasset
793 943 876 972 locos
897 936 1119 980 integerrimos.
1166 933 1328 965 Interdum
1344 928 1438 960 etiam
1453 934 1560 957 omnes
1574 931 1683 954 versus

219 1007 393 1040 antitlietici
419 1007 451 1037 in
477 1006 575 1047 primo
601 1004 683 1045 pede
707 1007 886 1033 constanter
912 1003 1037 1029 servant
1061 994 1260 1026 tribrachum,
1279 995 1314 1021 ut
1337 988 1431 1031 Pyth.
1454 986 1476 1018 i·
1497 995 1549 1027 ep·
1574 985 1626 1015 13.
1647 986 1681 1013 et

219 1068 330 1100 Isthm.
347 1067 387 1097 vi.
404 1067 520 1107 stroph.
538 1068 591 1096 10.

264 1128 303 1158 In
319 1129 378 1157 hoc
395 1136 509 1168 genere
524 1134 665 1155 versuum
679 1128 783 1153 autem
800 1121 916 1162 primus
931 1125 976 1151 est
990 1122 1191 1150 monometer.

737 1181 758 1203 —'
782 1194 798 1211 υ
820 1200 833 1206 -
857 1187 884 1210 α’

222 1247 350 1289 olymp.
368 1247 427 1277 xiv.
454 1246 571 1286 stroph.
591 1247 640 1275 10.
665 1243 758 1285 Pyth.
775 1243 796 1272 i.
818 1247 870 1272 str.
893 1244 941 1271 11.
964 1248 1054 1281 quem
1078 1234 1226 1276 sequitur,
1247 1232 1380 1262 dimeter
1401 1223 1608 1260 catalecticus,
1622 1223 1682 1257 hac

220 1305 330 1342 forma,

818 1375 851 1406 1511
917 1387 933 1404 ΙΙ

552 1421 583 1460 -’
605 1442 628 1467 υ
652 1452 669 1459 -
693 1429 729 1467 v*
827 1450 845 1456 -
868 1439 891 1464 υ
915 1446 935 1453 -

225 1544 353 1585 Olymp.
369 1542 412 1573 iii.
430 1552 480 1582 ep·
495 1543 523 1571 3.
548 1539 588 1570 vi.
605 1549 653 1579 ep.
671 1541 702 1569 6.
724 1537 787 1567 viii.
803 1535 919 1575 stroph.
937 1537 967 1565 7.
991 1531 1031 1562 xi.
1049 1531 1164 1570 sti-oph.
1181 1532 1212 1560 6.
1229 1538 1281 1568 ep.
1299 1529 1329 1557 6.
1344 1528 1376 1557 9.
1400 1524 1453 1555 xii.
1470 1523 1587 1564 stroph.
1605 1525 1633 1554 6.
1651 1523 1684 1553 8.

223 1613 274 1644 ep.
291 1606 322 1634 3.
335 1602 397 1632 xiii.
410 1612 461 1642 ep.
475 1603 506 1631 8.
521 1602 549 1630 9.
575 1598 670 1640 Ifyth.
681 1598 702 1627 i.
716 1600 807 1637 epde.
823 1595 865 1624 iii.
882 1593 1000 1633 stroph.
1017 1594 1048 1622 3.
1062 1601 1113 1631 ep.
1131 1593 1161 1620 6.
1179 1593 1206 1620 8.
1225 1592 1276 1619 1⁶2.
1299 1588 1339 1617 iv.
1355 1585 1474 1626 stroph.
1491 1587 1522 1615 8·
1534 1593 1586 1624 ep.
1603 1586 1629 1614 2.
1641 1581 1683 1612 ix.

225 1664 344 1704 stroph-
362 1666 412 1693 12.
429 1672 481 1702 ep.
493 1664 522 1692 9.
547 1659 600 1690 xii.
617 1659 735 1698 stroph·
752 1660 784 1688 6.
804 1659 854 1686 10.
868 1659 918 1686 12.
943 1653 1066 1683 Nemni-
1079 1651 1196 1691 stroph.
1209 1652 1241 1680 5.
1254 1651 1285 1679 7.
1299 1659 1349 1689 ep.
1360 1650 1391 1678 4.
1410 1650 1442 1678 6.
1459 1648 1489 1678 8.
1501 1656 1529 1676 v,
1545 1655 1596 1685 ep.
1605 1646 1638 1675 4.
1652 1646 1685 1676 6.

225 1723 289 1753 viii.
305 1722 423 1761 sti-oph.
437 1722 466 1751 9.
476 1730 526 1759 ep.
544 1722 572 1749 ⁶2.
595 1717 638 1748 ix.
655 1716 771 1756 stroph.
783 1716 813 1747 5.
831 1716 879 1744 10.
897 1724 928 1743 x.
940 1723 990 1752 ep.
1008 1715 1057 1741 10.
1083 1710 1194 1739 Isthm.
1212 1709 1230 1738 i.
1244 1707 1361 1747 stroph.
1374 1709 1404 1736 7.
1420 1706 1452 1736 ii.
1471 1704 1589 1747 stroph.
1605 1706 1636 1735 2.
1649 1704 1683 1743 35

224 1782 268 1815 iii.
291 1791 342 1822 ep.
359 1783 389 1811 3.
406 1783 438 1811 7.
462 1779 502 1809 vi.
518 1788 568 1817 ep.
584 1778 617 1808 5.
635 1779 685 1807 11.

267 1841 348 1873 Tum
362 1840 493 1871 dimeter
508 1836 734 1870 acatalecticus,
748 1833 836 1876 cujus
851 1833 899 1863 hae
915 1832 1020 1862 formae
1035 1830 1241 1871 reperiuntur,

559 1928 589 1967 -ι
612 1949 635 1974 υ
659 1959 677 1966 -
703 1936 737 1974 υ.
837 1924 867 1963 -ι
889 1946 912 1972 υ
935 1954 956 1960 -
979 1935 1014 1971 υ.

564 2008 628 2026 υυυ
671 2007 727 2025 vv·
843 2004 904 2023 υυυ
947 2003 1008 2022 υυυ

227 2094 354 2136 Olymp.
369 2091 413 2122 iii.
430 2101 480 2132 ep.
500 2094 529 2122 1.
554 2089 596 2119 vi.
617 2089 733 2130 stroph.
751 2089 780 2119 5.
803 2097 852 2127 ep.
877 2088 908 2117 7.
932 2086 982 2116 vii.
999 2097 1050 2126 ep.
1067 2087 1096 2116 3.
1114 2088 1141 2117 6.
1166 2086 1208 2116 xi.
1227 2084 1345 2125 stroph.
1367 2087 1397 2115 4.
1419 2094 1467 2125 ep.
1485 2086 1537 2114 10.
1562 2081 1612 2114 xii.
1629 2093 1684 2124 ep.

228 2157 257 2186 6.
276 2156 305 2184 9.
329 2151 391 2182 xiii.
407 2162 457 2191 ep.
477 2154 507 2182 6.
527 2151 576 2180 10.
602 2148 696 2190 Pyth.
710 2149 731 2178 i.
755 2148 873 2187 stroph.
894 2152 921 2178 1.
937 2157 986 2186 ep.
1007 2147 1035 2178 5.
1054 2149 1104 2180 10,
1123 2149 1172 2176 11.
1192 2148 1241 2176 14.
1265 2145 1306 2175 iv.
1323 2146 1437 2186 stroph.
1457 2145 1489 2176 5.
1515 2146 1543 2176 9.
1561 2148 1614 2175 11.
1631 2147 1684 2176 13.

227 2218 277 2252 'ep-
294 2213 324 2242 5.
339 2213 389 2241 12.
414 2210 453 2239 ix.
471 2209 586 2249 stroph.
603 2210 650 2239 13.
669 2210 720 2238 14.
744 2218 793 2248 ep.
809 2209 841 2237 3.
859 2210 887 2237 6.
912 2207 1004 2237 Nem.
1021 2206 1039 2237 i.
1056 2207 1173 2247 stroph.
1190 2208 1220 2237 9.
1236 2208 1288 2236 10.
1301 2216 1351 2246 ep.
1368 2208 1396 2236 1.
1409 2216 1439 2235 v.
1457 2204 1574 2249 stroph.
1591 2207 1620 2236 9.
1633 2207 1683 2235 10.

227 2281 276 2312 ep.
292 2274 320 2302 ‘2.
343 2269 406 2299 viii.
422 2269 537 2309 stroph.
554 2270 584 2299 3.
602 2271 652 2299 10.
669 2278 718 2308 cp.
738 2270 784 2297 10.
808 2267 848 2297 ix.
863 2267 980 2307 stroph.
997 2268 1027 2296 3.
1050 2277 1078 2297 x.
1095 2277 1146 2307 ep.
1161 2269 1189 2297 6.
1213 2266 1252 2297 xi.
1266 2266 1384 2306 stroph.
1402 2268 1432 2296 Ξ.
1456 2263 1567 2295 Isthm·
1587 2263 1608 2294 i·
1629 2273 1685 2304 ep·

228 2335 260 2363 7.
279 2333 330 2361 10.
354 2329 385 2359 ii.
398 2329 514 2369 stroph.
529 2331 557 2359 5.
575 2331 668 2369 ep.4.
686 2331 716 2358 ¹7.
733 2328 776 2358 iii.
794 2327 912 2368 stroph.
929 2331 956 2357 l.
974 2330 1002 2358 2.
1020 2329 1048 2358 6.
1065 2336 1114 2368 ep.
1129 2329 1158 2358 6.
1176 2329 1204 2357 9.
1228 2338 1256 2356 v.
1274 2325 1388 2367 stroph.
1404 2327 1432 2357 6.
1450 2328 1481 2356 8.
1504 2324 1548 2355 vi.
1564 2324 1683 2365 stroph.

229 2392 260 2422 ³.
276 2392 307 2422 5.
325 2399 373 2429 ep.
388 2391 416 2419 3.
433 2391 464 2418 7.
525 2402 528 2405 ·

271 2449 370 2482 Porro
385 2450 521 2480 trimeter
536 2448 748 2483 catalecticus,
762 2447 816 2484 ita,

577 2517 933 2604 -'v-31-'u-o
1025 2518 1126 2549 -ὐιῖ

571 2577 630 2593 QUO

1022 2578 1079 2594 υυυ

231 2635 357 2675 Olymp.
374 2634 426 2664 vii.
445 2635 558 2675 stroph.
575 2637 604 2665 3.
630 2635 670 2666 xi.
687 2645 736 2675 ep·
754 2638 785 2664 4.
802 2635 831 2665 5.
856 2633 905 2663 xii.
929 2634 1043 2674 stroph.
1068 2636 1098 2664 3.
1123 2633 1185 2664 xiii.
1210 2644 1258 2675 ep.
1281 2634 1314 2664 5.
1346 2632 1443 2674 Pyth.
1466 2631 1485 2662 i.
1509 2629 1625 2671 stroph.
1650 2633 1683 2662 8.

232 2694 275 2723 iii.
289 2704 339 2733 op.
353 2697 382 2724 Q,
395 2693 485 2724 Nem.
498 2705 526 2723 v.
545 2694 661 2734 stroph.
680 2697 710 2724 6.
730 2693 791 2722 viii.
808 2696 917 2733 ep.11.
935 2704 962 2723 x.
976 2694 1093 2735 stroph·
1111 2696 1141 2725 9.
1162 2696 1210 2725 10.
1224 2693 1264 2724 xi.
1280 2693 1399 2734 stroph.
1415 2694 1445 2724 6.
1457 2702 1508 2733 ep·
1520 2693 1550 2722 8.
1573 2689 1682 2722 Isthm-

231 2752 273 2784 iii.
289 2764 339 2794 ep.
360 2755 410 2783 10.
434 2765 463 2782 v.
480 2763 531 2794 ep.
549 2756 576 2785 2
601 2753 641 2784 vi.
657 2753 773 2794 stropli.
792 2756 840 2784 10.
