<?xml version="1.0" encoding="UTF-8"?>
<!DOCTYPE html PUBLIC "-//W3C//DTD XHTML 1.0 Transitional//EN"
    "http://www.w3.org/TR/xhtml1/DTD/xhtml1-transitional.dtd">
<html xmlns="http://www.w3.org/1999/xhtml" xml:lang="en" lang="en">
 <head>
  <title>
</title>
<meta http-equiv="Content-Type" content="text/html;charset=utf-8" />
  <meta name='ocr-system' content='tesseract 3.04.00' />
  <meta name='ocr-capabilities' content='ocr_page ocr_carea ocr_par ocr_line ocrx_word'/>
</head>
<body>
  <div class='ocr_page' id='page_1' title='image "./carminaetfragmen03pinduoft_0028.png"; bbox 0 0 1836 3247; ppageno 0'>
   <div class='ocr_carea' id='block_1_1' title="bbox 168 211 1107 277">
    <p class='ocr_par' dir='ltr' id='par_1_1' title="bbox 168 211 1107 277">
     <span class='ocr_line' id='line_1_1' title="bbox 168 211 1107 277; baseline 0.001 -11"><span class='ocrx_word' id='word_1_1' title='bbox 168 220 203 274; x_wconf 89' lang='lat'><strong>6</strong></span> <span class='ocrx_word' id='word_1_2' title='bbox 643 250 645 253; x_wconf 31' lang='lat' dir='ltr'>v</span> <span class='ocrx_word' id='word_1_3' title='bbox 700 214 772 267; x_wconf 90' lang='lat' dir='ltr'>G.</span> <span class='ocrx_word' id='word_1_4' title='bbox 803 211 1107 277; x_wconf 79' lang='lat' dir='ltr'>Hermanni</span> 
     </span>
    </p>
   </div>
   <div class='ocr_carea' id='block_1_2' title="bbox 867 374 933 406">
    <p class='ocr_par' dir='ltr' id='par_1_2' title="bbox 867 374 933 406">
     <span class='ocr_line' id='line_1_2' title="bbox 867 374 933 406; baseline 0 0"><span class='ocrx_word' id='word_1_5' title='bbox 867 374 933 406; x_wconf 89' lang='lat'>111.</span> 
     </span>
    </p>
   </div>
   <div class='ocr_carea' id='block_1_3' title="bbox 669 457 1135 498">
    <p class='ocr_par' dir='ltr' id='par_1_3' title="bbox 669 457 1135 498">
     <span class='ocr_line' id='line_1_3' title="bbox 669 457 1135 498; baseline -0.009 -6"><span class='ocrx_word' id='word_1_6' title='bbox 669 459 717 491; x_wconf 85' lang='lat' dir='ltr'>De</span> <span class='ocrx_word' id='word_1_7' title='bbox 738 459 841 490; x_wconf 77' lang='lat' dir='ltr'>ultima</span> <span class='ocrx_word' id='word_1_8' title='bbox 863 467 997 488; x_wconf 78' lang='lat' dir='ltr'>versuum</span> <span class='ocrx_word' id='word_1_9' title='bbox 1017 457 1135 498; x_wconf 71' lang='lat' dir='ltr'>syllaba·</span> 
     </span>
    </p>
   </div>
   <div class='ocr_carea' id='block_1_4' title="bbox 173 529 1640 814">
    <p class='ocr_par' dir='ltr' id='par_1_4' title="bbox 173 529 1640 814">
     <span class='ocr_line' id='line_1_4' title="bbox 218 529 1633 580; baseline -0.006 -10"><span class='ocrx_word' id='word_1_10' title='bbox 218 537 321 580; x_wconf 81' lang='lat' dir='ltr'>Major</span> <span class='ocrx_word' id='word_1_11' title='bbox 337 549 418 573; x_wconf 82' lang='lat' dir='ltr'>vero,</span> <span class='ocrx_word' id='word_1_12' title='bbox 435 539 527 568; x_wconf 81' lang='lat' dir='ltr'>immo</span> <span class='ocrx_word' id='word_1_13' title='bbox 545 536 677 566; x_wconf 82' lang='lat' dir='ltr'>maxima</span> <span class='ocrx_word' id='word_1_14' title='bbox 692 545 783 566; x_wconf 85' lang='lat' dir='ltr'>causa</span> <span class='ocrx_word' id='word_1_15' title='bbox 798 531 1034 564; x_wconf 88' lang='lat' dir='ltr'>dividendorum</span> <span class='ocrx_word' id='word_1_16' title='bbox 1051 542 1196 562; x_wconf 86' lang='lat' dir='ltr'>versuum</span> <span class='ocrx_word' id='word_1_17' title='bbox 1210 531 1241 563; x_wconf 85' lang='lat' dir='ltr'>in</span> <span class='ocrx_word' id='word_1_18' title='bbox 1256 529 1427 573; x_wconf 76' lang='lat' dir='ltr'>ancipitum</span> <span class='ocrx_word' id='word_1_19' title='bbox 1445 529 1633 573; x_wconf 79' lang='lat' dir='ltr'>syllabarum</span> 
     </span>
     <span class='ocr_line' id='line_1_5' title="bbox 173 594 1638 640; baseline -0.005 -9"><span class='ocrx_word' id='word_1_20' title='bbox 173 599 332 630; x_wconf 74' lang='lat' dir='ltr'>notatione</span> <span class='ocrx_word' id='word_1_21' title='bbox 348 598 447 640; x_wconf 82' lang='lat' dir='ltr'>posita</span> <span class='ocrx_word' id='word_1_22' title='bbox 463 603 518 630; x_wconf 87' lang='lat' dir='ltr'>est.</span> <span class='ocrx_word' id='word_1_23' title='bbox 542 607 609 638; x_wconf 79' lang='lat' dir='ltr'>quae</span> <span class='ocrx_word' id='word_1_24' title='bbox 624 605 717 636; x_wconf 84' lang='lat' dir='ltr'>quum</span> <span class='ocrx_word' id='word_1_25' title='bbox 737 605 818 634; x_wconf 77' lang='lat' dir='ltr'>soepe</span> <span class='ocrx_word' id='word_1_26' title='bbox 835 603 1019 624; x_wconf 76' lang='lat' dir='ltr'>anacruseos</span> <span class='ocrx_word' id='word_1_27' title='bbox 1034 594 1173 625; x_wconf 86' lang='lat' dir='ltr'>iambicae</span> <span class='ocrx_word' id='word_1_28' title='bbox 1194 595 1299 624; x_wconf 83' lang='lat' dir='ltr'>sedem</span> <span class='ocrx_word' id='word_1_29' title='bbox 1316 594 1466 629; x_wconf 83' lang='lat' dir='ltr'>iudicant,</span> <span class='ocrx_word' id='word_1_30' title='bbox 1483 600 1547 624; x_wconf 75' lang='lat' dir='ltr'>tum</span> <span class='ocrx_word' id='word_1_31' title='bbox 1561 601 1638 624; x_wconf 71' lang='lat' dir='ltr'>vero</span> 
     </span>
     <span class='ocr_line' id='line_1_6' title="bbox 177 652 1636 699; baseline -0.005 -10"><span class='ocrx_word' id='word_1_32' title='bbox 177 659 273 699; x_wconf 79' lang='lat' dir='ltr'>magis</span> <span class='ocrx_word' id='word_1_33' title='bbox 288 658 389 693; x_wconf 82' lang='lat' dir='ltr'>etiam,</span> <span class='ocrx_word' id='word_1_34' title='bbox 407 657 457 687; x_wconf 89' lang='lat' dir='ltr'>ubi</span> <span class='ocrx_word' id='word_1_35' title='bbox 481 657 556 686; x_wconf 87' lang='lat' dir='ltr'>fines</span> <span class='ocrx_word' id='word_1_36' title='bbox 583 665 725 686; x_wconf 81' lang='lat' dir='ltr'>versuum</span> <span class='ocrx_word' id='word_1_37' title='bbox 750 653 959 684; x_wconf 85' lang='lat' dir='ltr'>constituendi</span> <span class='ocrx_word' id='word_1_38' title='bbox 983 653 1055 688; x_wconf 88' lang='lat' dir='ltr'>sint,</span> <span class='ocrx_word' id='word_1_39' title='bbox 1071 653 1251 683; x_wconf 86' lang='lat' dir='ltr'>ostendunt.</span> <span class='ocrx_word' id='word_1_40' title='bbox 1298 653 1392 689; x_wconf 80' lang='lat' dir='ltr'>Nam,</span> <span class='ocrx_word' id='word_1_41' title='bbox 1407 653 1487 684; x_wconf 88' lang='lat' dir='ltr'>utin</span> <span class='ocrx_word' id='word_1_42' title='bbox 1502 653 1580 683; x_wconf 89' lang='lat' dir='ltr'>libro</span> <span class='ocrx_word' id='word_1_43' title='bbox 1595 652 1636 682; x_wconf 87' lang='lat' dir='ltr'>de</span> 
     </span>
     <span class='ocr_line' id='line_1_7' title="bbox 178 700 1638 757; baseline -0.004 -9"><span class='ocrx_word' id='word_1_44' title='bbox 178 718 283 748; x_wconf 80' lang='lat' dir='ltr'>metris</span> <span class='ocrx_word' id='word_1_45' title='bbox 294 715 578 749; x_wconf 81' lang='lat' dir='ltr'>demonstravimus,</span> <span class='ocrx_word' id='word_1_46' title='bbox 594 720 624 744; x_wconf 81' lang='lat' dir='ltr'>et</span> <span class='ocrx_word' id='word_1_47' title='bbox 640 713 772 744; x_wconf 77' lang='lat' dir='ltr'>iambica</span> <span class='ocrx_word' id='word_1_48' title='bbox 785 700 950 746; x_wconf 61' lang='lat' dir='ltr'>anac&#39;rusis,</span> <span class='ocrx_word' id='word_1_49' title='bbox 967 717 998 743; x_wconf 84' lang='lat' dir='ltr'>et·</span> <span class='ocrx_word' id='word_1_50' title='bbox 1014 722 1157 742; x_wconf 73' lang='lat' dir='ltr'>versuum</span> <span class='ocrx_word' id='word_1_51' title='bbox 1173 712 1350 757; x_wconf 74' lang='lat' dir='ltr'>quorumvis</span> <span class='ocrx_word' id='word_1_52' title='bbox 1365 717 1502 742; x_wconf 84' lang='lat' dir='ltr'>extrema</span> <span class='ocrx_word' id='word_1_53' title='bbox 1518 711 1638 753; x_wconf 74' lang='lat' dir='ltr'>syllaba</span> 
     </span>
     <span class='ocr_line' id='line_1_8' title="bbox 180 770 1640 814; baseline -0.005 -7"><span class='ocrx_word' id='word_1_54' title='bbox 180 787 351 807; x_wconf 78' lang='lat' dir='ltr'>mensuram</span> <span class='ocrx_word' id='word_1_55' title='bbox 368 776 481 806; x_wconf 83' lang='lat' dir='ltr'>nullam</span> <span class='ocrx_word' id='word_1_56' title='bbox 497 775 601 808; x_wconf 82' lang='lat' dir='ltr'>habet,</span> <span class='ocrx_word' id='word_1_57' title='bbox 619 780 822 814; x_wconf 80' lang='lat' dir='ltr'>praeterquam</span> <span class='ocrx_word' id='word_1_58' title='bbox 844 771 877 802; x_wconf 88' lang='lat' dir='ltr'>in</span> <span class='ocrx_word' id='word_1_59' title='bbox 892 771 928 801; x_wconf 87' lang='lat' dir='ltr'>iis</span> <span class='ocrx_word' id='word_1_60' title='bbox 945 770 1093 805; x_wconf 81' lang='lat' dir='ltr'>versibus,</span> <span class='ocrx_word' id='word_1_61' title='bbox 1109 781 1240 810; x_wconf 89' lang='lat' dir='ltr'>quorum</span> <span class='ocrx_word' id='word_1_62' title='bbox 1257 770 1482 810; x_wconf 79' lang='lat' dir='ltr'>aliquammulti</span> <span class='ocrx_word' id='word_1_63' title='bbox 1498 780 1559 800; x_wconf 90' lang='lat' dir='ltr'>uno</span> <span class='ocrx_word' id='word_1_64' title='bbox 1582 777 1640 800; x_wconf 82' lang='lat' dir='ltr'>nu-</span> 
     </span>
    </p>
   </div>
   <div class='ocr_carea' id='block_1_5' title="bbox 178 830 1642 876">
    <p class='ocr_par' dir='ltr' id='par_1_5' title="bbox 178 830 1642 876">
     <span class='ocr_line' id='line_1_9' title="bbox 178 830 1642 876; baseline -0.002 -11"><span class='ocrx_word' id='word_1_65' title='bbox 178 846 272 870; x_wconf 86' lang='lat' dir='ltr'>mero,</span> <span class='ocrx_word' id='word_1_66' title='bbox 289 836 340 876; x_wconf 88' lang='lat' dir='ltr'>qui</span> <span class='ocrx_word' id='word_1_67' title='bbox 357 840 490 876; x_wconf 79' lang='lat' dir='ltr'>systema</span> <span class='ocrx_word' id='word_1_68' title='bbox 505 839 630 863; x_wconf 78' lang='lat' dir='ltr'>vocatur</span> <span class='ocrx_word' id='word_1_69' title='bbox 646 843 663 862; x_wconf 90' lang='lat' dir='ltr'>a</span> <span class='ocrx_word' id='word_1_70' title='bbox 678 830 895 873; x_wconf 77' lang='lat' dir='ltr'>grumrnaticiS,</span> <span class='ocrx_word' id='word_1_71' title='bbox 910 833 1125 873; x_wconf 82' lang='lat' dir='ltr'><strong>comprehensi</strong></span> <span class='ocrx_word' id='word_1_72' title='bbox 1141 839 1222 862; x_wconf 84' lang='lat' dir='ltr'>sunt.</span> <span class='ocrx_word' id='word_1_73' title='bbox 1271 832 1331 863; x_wconf 83' lang='lat' dir='ltr'>Sed</span> <span class='ocrx_word' id='word_1_74' title='bbox 1349 833 1458 863; x_wconf 87' lang='lat' dir='ltr'>horum</span> <span class='ocrx_word' id='word_1_75' title='bbox 1481 833 1512 863; x_wconf 90' lang='lat' dir='ltr'>in</span> <span class='ocrx_word' id='word_1_76' title='bbox 1535 832 1642 873; x_wconf 69' lang='lat' dir='ltr'>lyricis</span> 
     </span>
    </p>
   </div>
   <div class='ocr_carea' id='block_1_6' title="bbox 182 890 1651 1283">
    <p class='ocr_par' dir='ltr' id='par_1_6' title="bbox 182 890 1651 1283">
     <span class='ocr_line' id='line_1_10' title="bbox 182 890 1644 933; baseline -0.003 -8"><span class='ocrx_word' id='word_1_77' title='bbox 182 895 367 925; x_wconf 76' lang='lat' dir='ltr'>carminibus</span> <span class='ocrx_word' id='word_1_78' title='bbox 383 894 483 924; x_wconf 88' lang='lat' dir='ltr'>nullus</span> <span class='ocrx_word' id='word_1_79' title='bbox 499 904 569 923; x_wconf 77' lang='lat' dir='ltr'>usus</span> <span class='ocrx_word' id='word_1_80' title='bbox 585 898 642 922; x_wconf 78' lang='lat' dir='ltr'>est.</span> <span class='ocrx_word' id='word_1_81' title='bbox 690 891 726 921; x_wconf 89' lang='lat' dir='ltr'>In</span> <span class='ocrx_word' id='word_1_82' title='bbox 744 891 880 921; x_wconf 81' lang='lat' dir='ltr'>Pindaro</span> <span class='ocrx_word' id='word_1_83' title='bbox 896 891 1021 932; x_wconf 84' lang='lat' dir='ltr'>quidem</span> <span class='ocrx_word' id='word_1_84' title='bbox 1035 892 1100 922; x_wconf 65' lang='lat' dir='ltr'>haec</span> <span class='ocrx_word' id='word_1_85' title='bbox 1112 890 1443 933; x_wconf 52' lang='lat' dir='ltr'>istarumssyllabarum</span> <span class='ocrx_word' id='word_1_86' title='bbox 1459 891 1644 932; x_wconf 67' lang='lat' dir='ltr'>ambiguitas</span> 
     </span>
     <span class='ocr_line' id='line_1_11' title="bbox 183 949 1648 995; baseline -0.003 -10"><span class='ocrx_word' id='word_1_87' title='bbox 183 956 262 985; x_wconf 74' lang='lat' dir='ltr'>adeo</span> <span class='ocrx_word' id='word_1_88' title='bbox 279 955 426 985; x_wconf 80' lang='lat' dir='ltr'>hactenus</span> <span class='ocrx_word' id='word_1_89' title='bbox 442 953 582 993; x_wconf 76' lang='lat' dir='ltr'>ignorata</span> <span class='ocrx_word' id='word_1_90' title='bbox 597 951 703 995; x_wconf 81' lang='lat' dir='ltr'>jacuit,</span> <span class='ocrx_word' id='word_1_91' title='bbox 720 957 753 981; x_wconf 88' lang='lat' dir='ltr'>nt</span> <span class='ocrx_word' id='word_1_92' title='bbox 770 951 894 985; x_wconf 80' lang='lat' dir='ltr'>fuerint,</span> <span class='ocrx_word' id='word_1_93' title='bbox 910 951 961 992; x_wconf 89' lang='lat' dir='ltr'>qui</span> <span class='ocrx_word' id='word_1_94' title='bbox 986 951 1058 982; x_wconf 86' lang='lat' dir='ltr'>inde</span> <span class='ocrx_word' id='word_1_95' title='bbox 1084 951 1208 981; x_wconf 84' lang='lat' dir='ltr'>laudem</span> <span class='ocrx_word' id='word_1_96' title='bbox 1231 961 1340 991; x_wconf 82' lang='lat' dir='ltr'>parare</span> <span class='ocrx_word' id='word_1_97' title='bbox 1357 950 1494 981; x_wconf 80' lang='lat' dir='ltr'>Pindaro</span> <span class='ocrx_word' id='word_1_98' title='bbox 1516 949 1648 986; x_wconf 76' lang='lat' dir='ltr'>vellent,</span> 
     </span>
     <span class='ocr_line' id='line_1_12' title="bbox 183 1009 1648 1055; baseline -0.003 -11"><span class='ocrx_word' id='word_1_99' title='bbox 183 1014 234 1055; x_wconf 90' lang='lat' dir='ltr'>qui</span> <span class='ocrx_word' id='word_1_100' title='bbox 258 1013 301 1044; x_wconf 86' lang='lat' dir='ltr'>ita</span> <span class='ocrx_word' id='word_1_101' title='bbox 316 1014 446 1054; x_wconf 85' lang='lat' dir='ltr'>diligens</span> <span class='ocrx_word' id='word_1_102' title='bbox 462 1019 626 1043; x_wconf 78' lang='lat' dir='ltr'>metrorum</span> <span class='ocrx_word' id='word_1_103' title='bbox 643 1013 819 1042; x_wconf 82' lang='lat' dir='ltr'>observator</span> <span class='ocrx_word' id='word_1_104' title='bbox 844 1011 959 1046; x_wconf 78' lang='lat' dir='ltr'>fuisset,</span> <span class='ocrx_word' id='word_1_105' title='bbox 976 1016 1008 1040; x_wconf 91' lang='lat' dir='ltr'>ut</span> <span class='ocrx_word' id='word_1_106' title='bbox 1030 1021 1070 1040; x_wconf 88' lang='lat' dir='ltr'>ne</span> <span class='ocrx_word' id='word_1_107' title='bbox 1095 1022 1132 1040; x_wconf 85' lang='lat' dir='ltr'>ea</span> <span class='ocrx_word' id='word_1_108' title='bbox 1155 1011 1293 1052; x_wconf 89' lang='lat' dir='ltr'>quidem,</span> <span class='ocrx_word' id='word_1_109' title='bbox 1308 1021 1376 1052; x_wconf 84' lang='lat' dir='ltr'>quae</span> <span class='ocrx_word' id='word_1_110' title='bbox 1399 1010 1527 1051; x_wconf 84' lang='lat' dir='ltr'>quisque</span> <span class='ocrx_word' id='word_1_111' title='bbox 1550 1009 1648 1051; x_wconf 58' lang='lat' dir='ltr'>poeta</span> 
     </span>
     <span class='ocr_line' id='line_1_13' title="bbox 183 1063 1650 1112; baseline -0.003 -8"><span class='ocrx_word' id='word_1_112' title='bbox 183 1084 300 1105; x_wconf 79' lang='lat' dir='ltr'>summo</span> <span class='ocrx_word' id='word_1_113' title='bbox 319 1073 389 1112; x_wconf 83' lang='lat' dir='ltr'>jure</span> <span class='ocrx_word' id='word_1_114' title='bbox 413 1072 471 1102; x_wconf 75' lang='lat' dir='ltr'>sibi</span> <span class='ocrx_word' id='word_1_115' title='bbox 495 1082 640 1102; x_wconf 82' lang='lat' dir='ltr'>concessa</span> <span class='ocrx_word' id='word_1_116' title='bbox 665 1077 813 1111; x_wconf 80' lang='lat' dir='ltr'>pu·asset‚</span> <span class='ocrx_word' id='word_1_117' title='bbox 837 1071 1000 1101; x_wconf 75' lang='lat' dir='ltr'>admittere</span> <span class='ocrx_word' id='word_1_118' title='bbox 1022 1071 1159 1101; x_wconf 81' lang='lat' dir='ltr'>auderet.</span> <span class='ocrx_word' id='word_1_119' title='bbox 1206 1070 1268 1106; x_wconf 85' lang='lat' dir='ltr'>Qui</span> <span class='ocrx_word' id='word_1_120' title='bbox 1285 1081 1369 1101; x_wconf 87' lang='lat' dir='ltr'>error</span> <span class='ocrx_word' id='word_1_121' title='bbox 1391 1071 1465 1101; x_wconf 84' lang='lat' dir='ltr'>inde</span> <span class='ocrx_word' id='word_1_122' title='bbox 1481 1063 1650 1106; x_wconf 72' lang='lat' dir='ltr'>natusest,</span> 
     </span>
     <span class='ocr_line' id='line_1_14' title="bbox 185 1130 1648 1174; baseline -0.002 -11"><span class='ocrx_word' id='word_1_123' title='bbox 185 1132 267 1174; x_wconf 87' lang='lat' dir='ltr'>quod</span> <span class='ocrx_word' id='word_1_124' title='bbox 283 1133 348 1162; x_wconf 79' lang='lat' dir='ltr'>istae</span> <span class='ocrx_word' id='word_1_125' title='bbox 365 1131 489 1173; x_wconf 64' lang='lat' dir='ltr'>syllabae</span> <span class='ocrx_word' id='word_1_126' title='bbox 506 1130 657 1171; x_wconf 68' lang='lat' dir='ltr'>pleraeque</span> <span class='ocrx_word' id='word_1_127' title='bbox 674 1139 781 1160; x_wconf 86' lang='lat' dir='ltr'>omues</span> <span class='ocrx_word' id='word_1_128' title='bbox 806 1130 998 1160; x_wconf 74' lang='lat' dir='ltr'>metricorum</span> <span class='ocrx_word' id='word_1_129' title='bbox 1022 1131 1187 1171; x_wconf 80' lang='lat' dir='ltr'>imperitia,</span> <span class='ocrx_word' id='word_1_130' title='bbox 1203 1142 1219 1160; x_wconf 81' lang='lat' dir='ltr'>a</span> <span class='ocrx_word' id='word_1_131' title='bbox 1234 1131 1345 1171; x_wconf 87' lang='lat' dir='ltr'>quibus</span> <span class='ocrx_word' id='word_1_132' title='bbox 1361 1130 1486 1171; x_wconf 79' lang='lat' dir='ltr'>vulgata</span> <span class='ocrx_word' id='word_1_133' title='bbox 1502 1139 1648 1160; x_wconf 70' lang='lat' dir='ltr'>versuum</span> 
     </span>
     <span class='ocr_line' id='line_1_15' title="bbox 187 1188 1650 1232; baseline -0.003 -10"><span class='ocrx_word' id='word_1_134' title='bbox 187 1191 354 1232; x_wconf 84' lang='lat' dir='ltr'>descriptio</span> <span class='ocrx_word' id='word_1_135' title='bbox 376 1190 516 1231; x_wconf 84' lang='lat' dir='ltr'>profecta</span> <span class='ocrx_word' id='word_1_136' title='bbox 531 1195 586 1224; x_wconf 84' lang='lat' dir='ltr'>est,</span> <span class='ocrx_word' id='word_1_137' title='bbox 603 1190 634 1218; x_wconf 93' lang='lat' dir='ltr'>in</span> <span class='ocrx_word' id='word_1_138' title='bbox 651 1189 759 1219; x_wconf 87' lang='lat' dir='ltr'>mediis</span> <span class='ocrx_word' id='word_1_139' title='bbox 774 1189 911 1220; x_wconf 75' lang='lat' dir='ltr'>versibus</span> <span class='ocrx_word' id='word_1_140' title='bbox 934 1190 1171 1224; x_wconf 71' lang='lat' dir='ltr'>delitescebant,</span> <span class='ocrx_word' id='word_1_141' title='bbox 1187 1195 1231 1225; x_wconf 86' lang='lat' dir='ltr'>ut,</span> <span class='ocrx_word' id='word_1_142' title='bbox 1248 1200 1342 1230; x_wconf 86' lang='lat' dir='ltr'>quum</span> <span class='ocrx_word' id='word_1_143' title='bbox 1369 1188 1400 1219; x_wconf 90' lang='lat' dir='ltr'>in</span> <span class='ocrx_word' id='word_1_144' title='bbox 1425 1189 1484 1219; x_wconf 78' lang='lat' dir='ltr'>alia</span> <span class='ocrx_word' id='word_1_145' title='bbox 1507 1198 1650 1219; x_wconf 82' lang='lat' dir='ltr'>numero-</span> 
     </span>
     <span class='ocr_line' id='line_1_16' title="bbox 188 1249 1651 1283; baseline -0.002 -2"><span class='ocrx_word' id='word_1_146' title='bbox 188 1261 255 1281; x_wconf 86' lang='lat' dir='ltr'>rum</span> <span class='ocrx_word' id='word_1_147' title='bbox 270 1250 485 1283; x_wconf 78' lang='lat' dir='ltr'>distributione</span> <span class='ocrx_word' id='word_1_148' title='bbox 501 1254 532 1279; x_wconf 87' lang='lat' dir='ltr'>et</span> <span class='ocrx_word' id='word_1_149' title='bbox 555 1249 631 1279; x_wconf 87' lang='lat' dir='ltr'>fines</span> <span class='ocrx_word' id='word_1_150' title='bbox 654 1259 797 1279; x_wconf 79' lang='lat' dir='ltr'>versuum</span> <span class='ocrx_word' id='word_1_151' title='bbox 820 1255 851 1279; x_wconf 87' lang='lat' dir='ltr'>et</span> <span class='ocrx_word' id='word_1_152' title='bbox 874 1250 974 1280; x_wconf 76' lang='lat' dir='ltr'>media</span> <span class='ocrx_word' id='word_1_153' title='bbox 990 1250 1064 1280; x_wconf 87' lang='lat' dir='ltr'>vitio</span> <span class='ocrx_word' id='word_1_154' title='bbox 1088 1250 1223 1279; x_wconf 82' lang='lat' dir='ltr'>caritura</span> <span class='ocrx_word' id='word_1_155' title='bbox 1248 1250 1385 1283; x_wconf 74' lang='lat' dir='ltr'>fuissent,</span> <span class='ocrx_word' id='word_1_156' title='bbox 1406 1259 1488 1279; x_wconf 88' lang='lat' dir='ltr'>nunc</span> <span class='ocrx_word' id='word_1_157' title='bbox 1511 1254 1651 1279; x_wconf 73' lang='lat' dir='ltr'>extrema</span> 
     </span>
    </p>
   </div>
   <div class='ocr_carea' id='block_1_7' title="bbox 191 1307 1652 1350">
    <p class='ocr_par' dir='ltr' id='par_1_7' title="bbox 191 1307 1652 1350">
     <span class='ocr_line' id='line_1_17' title="bbox 191 1307 1652 1350; baseline -0.001 -11"><span class='ocrx_word' id='word_1_158' title='bbox 191 1319 272 1350; x_wconf 72' lang='lat' dir='ltr'>saepe</span> <span class='ocrx_word' id='word_1_159' title='bbox 296 1309 415 1349; x_wconf 79' lang='lat' dir='ltr'>integra</span> <span class='ocrx_word' id='word_1_160' title='bbox 438 1309 510 1344; x_wconf 85' lang='lat' dir='ltr'>sint,</span> <span class='ocrx_word' id='word_1_161' title='bbox 526 1309 628 1338; x_wconf 83' lang='lat' dir='ltr'>media</span> <span class='ocrx_word' id='word_1_162' title='bbox 643 1308 692 1338; x_wconf 81' lang='lat' dir='ltr'>vel</span> <span class='ocrx_word' id='word_1_163' title='bbox 716 1309 879 1339; x_wconf 73' lang='lat' dir='ltr'>teterrimis</span> <span class='ocrx_word' id='word_1_164' title='bbox 899 1309 1046 1344; x_wconf 78' lang='lat' dir='ltr'>hiatibus,</span> <span class='ocrx_word' id='word_1_165' title='bbox 1063 1309 1111 1339; x_wconf 82' lang='lat' dir='ltr'>vel</span> <span class='ocrx_word' id='word_1_166' title='bbox 1137 1309 1250 1344; x_wconf 86' lang='lat' dir='ltr'>fulcris,</span> <span class='ocrx_word' id='word_1_167' title='bbox 1267 1309 1315 1338; x_wconf 88' lang='lat' dir='ltr'>vel</span> <span class='ocrx_word' id='word_1_168' title='bbox 1338 1309 1405 1338; x_wconf 82' lang='lat' dir='ltr'>aliis</span> <span class='ocrx_word' id='word_1_169' title='bbox 1427 1307 1652 1338; x_wconf 69' lang='lat' dir='ltr'>insanabilibus</span> 
     </span>
    </p>
   </div>
   <div class='ocr_carea' id='block_1_8' title="bbox 189 1367 1651 1408">
    <p class='ocr_par' dir='ltr' id='par_1_8' title="bbox 189 1367 1651 1408">
     <span class='ocr_line' id='line_1_18' title="bbox 189 1367 1651 1408; baseline -0.001 -10"><span class='ocrx_word' id='word_1_170' title='bbox 189 1367 370 1408; x_wconf 72' lang='lat' dir='ltr'>corruptelis</span> <span class='ocrx_word' id='word_1_171' title='bbox 393 1367 564 1397; x_wconf 82' lang='lat' dir='ltr'>deformata</span> <span class='ocrx_word' id='word_1_172' title='bbox 588 1367 789 1407; x_wconf 84' lang='lat' dir='ltr'>reperiantur.</span> <span class='ocrx_word' id='word_1_173' title='bbox 840 1367 996 1398; x_wconf 73' lang='lat' dir='ltr'>Vitandus</span> <span class='ocrx_word' id='word_1_174' title='bbox 1020 1375 1122 1398; x_wconf 72' lang='lat' dir='ltr'>autem</span> <span class='ocrx_word' id='word_1_175' title='bbox 1146 1375 1192 1399; x_wconf 76' lang='lat' dir='ltr'>est</span> <span class='ocrx_word' id='word_1_176' title='bbox 1216 1369 1247 1398; x_wconf 90' lang='lat' dir='ltr'>in</span> <span class='ocrx_word' id='word_1_177' title='bbox 1272 1369 1384 1398; x_wconf 84' lang='lat' dir='ltr'>finibus</span> <span class='ocrx_word' id='word_1_178' title='bbox 1401 1378 1544 1398; x_wconf 83' lang='lat' dir='ltr'>versuum</span> <span class='ocrx_word' id='word_1_179' title='bbox 1561 1367 1651 1398; x_wconf 85' lang='lat' dir='ltr'>inda-</span> 
     </span>
    </p>
   </div>
   <div class='ocr_carea' id='block_1_9' title="bbox 192 1426 1679 2711">
    <p class='ocr_par' dir='ltr' id='par_1_9' title="bbox 192 1426 1679 2711">
     <span class='ocr_line' id='line_1_19' title="bbox 192 1426 1656 1468; baseline 0 -12"><span class='ocrx_word' id='word_1_180' title='bbox 192 1427 302 1468; x_wconf 85' lang='lat' dir='ltr'>gandis</span> <span class='ocrx_word' id='word_1_181' title='bbox 317 1436 400 1455; x_wconf 89' lang='lat' dir='ltr'>error</span> <span class='ocrx_word' id='word_1_182' title='bbox 422 1426 589 1455; x_wconf 83' lang='lat' dir='ltr'>admodum</span> <span class='ocrx_word' id='word_1_183' title='bbox 605 1426 748 1466; x_wconf 79' lang='lat' dir='ltr'>vulgaris,</span> <span class='ocrx_word' id='word_1_184' title='bbox 765 1431 855 1466; x_wconf 79' lang='lat' dir='ltr'>atque</span> <span class='ocrx_word' id='word_1_185' title='bbox 876 1427 913 1455; x_wconf 80' lang='lat' dir='ltr'>ab</span> <span class='ocrx_word' id='word_1_186' title='bbox 930 1427 1071 1456; x_wconf 86' lang='lat' dir='ltr'>omuibus</span> <span class='ocrx_word' id='word_1_187' title='bbox 1095 1427 1209 1456; x_wconf 83' lang='lat' dir='ltr'>criticis</span> <span class='ocrx_word' id='word_1_188' title='bbox 1232 1427 1422 1460; x_wconf 62' lang='lat' dir='ltr'>commissus,</span> <span class='ocrx_word' id='word_1_189' title='bbox 1437 1426 1469 1456; x_wconf 88' lang='lat' dir='ltr'>in</span> <span class='ocrx_word' id='word_1_190' title='bbox 1492 1436 1584 1468; x_wconf 81' lang='lat' dir='ltr'>quem</span> <span class='ocrx_word' id='word_1_191' title='bbox 1604 1435 1656 1456; x_wconf 75' lang='lat' dir='ltr'>me</span> 
     </span>
     <span class='ocr_line' id='line_1_20' title="bbox 193 1483 1656 1526; baseline 0.001 -12"><span class='ocrx_word' id='word_1_192' title='bbox 193 1485 293 1526; x_wconf 91' lang='lat' dir='ltr'>ipsum</span> <span class='ocrx_word' id='word_1_193' title='bbox 308 1483 463 1517; x_wconf 82' lang='lat' dir='ltr'>incidisse,</span> <span class='ocrx_word' id='word_1_194' title='bbox 479 1494 572 1524; x_wconf 86' lang='lat' dir='ltr'>quum</span> <span class='ocrx_word' id='word_1_195' title='bbox 590 1485 745 1525; x_wconf 83' lang='lat' dir='ltr'>superiore</span> <span class='ocrx_word' id='word_1_196' title='bbox 763 1496 843 1514; x_wconf 79' lang='lat' dir='ltr'>anno</span> <span class='ocrx_word' id='word_1_197' title='bbox 860 1485 899 1514; x_wconf 80' lang='lat' dir='ltr'>&lt;le</span> <span class='ocrx_word' id='word_1_198' title='bbox 916 1487 1019 1515; x_wconf 76' lang='lat' dir='ltr'>metris</span> <span class='ocrx_word' id='word_1_199' title='bbox 1035 1487 1210 1520; x_wconf 78' lang='lat' dir='ltr'>scriberem,</span> <span class='ocrx_word' id='word_1_200' title='bbox 1221 1487 1279 1516; x_wconf 87' lang='lat' dir='ltr'>hoc</span> <span class='ocrx_word' id='word_1_201' title='bbox 1293 1487 1389 1526; x_wconf 78' lang='lat' dir='ltr'>magis</span> <span class='ocrx_word' id='word_1_202' title='bbox 1404 1486 1559 1526; x_wconf 85' lang='lat' dir='ltr'>indignor,</span> <span class='ocrx_word' id='word_1_203' title='bbox 1571 1484 1656 1526; x_wconf 76' lang='lat' dir='ltr'>q‘uod</span> 
     </span>
     <span class='ocr_line' id='line_1_21' title="bbox 193 1542 1654 1584; baseline 0 -11"><span class='ocrx_word' id='word_1_204' title='bbox 193 1543 226 1573; x_wconf 83' lang='lat' dir='ltr'>in</span> <span class='ocrx_word' id='word_1_205' title='bbox 243 1543 294 1573; x_wconf 89' lang='lat' dir='ltr'>illo</span> <span class='ocrx_word' id='word_1_206' title='bbox 309 1542 387 1572; x_wconf 83' lang='lat' dir='ltr'>libro</span> <span class='ocrx_word' id='word_1_207' title='bbox 402 1553 440 1572; x_wconf 83' lang='lat' dir='ltr'>ca</span> <span class='ocrx_word' id='word_1_208' title='bbox 457 1543 580 1576; x_wconf 79' lang='lat' dir='ltr'>tradidi,</span> <span class='ocrx_word' id='word_1_209' title='bbox 596 1552 663 1582; x_wconf 79' lang='lat' dir='ltr'>quae</span> <span class='ocrx_word' id='word_1_210' title='bbox 681 1543 771 1572; x_wconf 87' lang='lat' dir='ltr'>talem</span> <span class='ocrx_word' id='word_1_211' title='bbox 790 1553 807 1572; x_wconf 85' lang='lat' dir='ltr'>a</span> <span class='ocrx_word' id='word_1_212' title='bbox 831 1553 878 1572; x_wconf 86' lang='lat' dir='ltr'>me</span> <span class='ocrx_word' id='word_1_213' title='bbox 902 1543 1123 1584; x_wconf 77' lang='lat' dir='ltr'>negligentiam</span> <span class='ocrx_word' id='word_1_214' title='bbox 1146 1545 1278 1574; x_wconf 78' lang='lat' dir='ltr'>maxime</span> <span class='ocrx_word' id='word_1_215' title='bbox 1304 1554 1460 1574; x_wconf 86' lang='lat' dir='ltr'>removere</span> <span class='ocrx_word' id='word_1_216' title='bbox 1474 1544 1654 1574; x_wconf 80' lang='lat' dir='ltr'>debebant.</span> 
     </span>
     <span class='ocr_line' id='line_1_22' title="bbox 195 1601 1662 1644; baseline 0 -12"><span class='ocrx_word' id='word_1_217' title='bbox 195 1602 256 1632; x_wconf 84' lang='lat' dir='ltr'>Sed</span> <span class='ocrx_word' id='word_1_218' title='bbox 272 1612 335 1631; x_wconf 91' lang='lat' dir='ltr'>non</span> <span class='ocrx_word' id='word_1_219' title='bbox 350 1601 441 1631; x_wconf 85' lang='lat' dir='ltr'>decet</span> <span class='ocrx_word' id='word_1_220' title='bbox 453 1601 600 1631; x_wconf 79' lang='lat' dir='ltr'>adversus</span> <span class='ocrx_word' id='word_1_221' title='bbox 616 1601 691 1631; x_wconf 84' lang='lat' dir='ltr'>alios</span> <span class='ocrx_word' id='word_1_222' title='bbox 706 1611 856 1636; x_wconf 80' lang='lat' dir='ltr'>severum,</span> <span class='ocrx_word' id='word_1_223' title='bbox 872 1613 943 1642; x_wconf 79' lang='lat' dir='ltr'>erga</span> <span class='ocrx_word' id='word_1_224' title='bbox 959 1612 990 1631; x_wconf 84' lang='lat' dir='ltr'>se</span> <span class='ocrx_word' id='word_1_225' title='bbox 1006 1603 1105 1644; x_wconf 79' lang='lat' dir='ltr'>ipsum</span> <span class='ocrx_word' id='word_1_226' title='bbox 1119 1603 1302 1634; x_wconf 82' lang='lat' dir='ltr'>elementem</span> <span class='ocrx_word' id='word_1_227' title='bbox 1315 1614 1392 1634; x_wconf 86' lang='lat' dir='ltr'>esse·</span> <span class='ocrx_word' id='word_1_228' title='bbox 1428 1602 1532 1638; x_wconf 84' lang='lat' dir='ltr'>Quare</span> <span class='ocrx_word' id='word_1_229' title='bbox 1547 1602 1662 1633; x_wconf 54' lang='lat' dir='ltr'>lubens*</span> 
     </span>
     <span class='ocr_line' id='line_1_23' title="bbox 195 1661 1659 1702; baseline 0.001 -11"><span class='ocrx_word' id='word_1_230' title='bbox 195 1672 232 1701; x_wconf 65' lang='grc' dir='ltr'>ις</span> <span class='ocrx_word' id='word_1_231' title='bbox 246 1661 352 1691; x_wconf 81' lang='lat' dir='ltr'>volens</span> <span class='ocrx_word' id='word_1_232' title='bbox 366 1662 406 1690; x_wconf 87' lang='lat' dir='ltr'>ob</span> <span class='ocrx_word' id='word_1_233' title='bbox 421 1662 494 1690; x_wconf 87' lang='lat' dir='ltr'>istos</span> <span class='ocrx_word' id='word_1_234' title='bbox 511 1671 628 1690; x_wconf 83' lang='lat' dir='ltr'>errores</span> <span class='ocrx_word' id='word_1_235' title='bbox 643 1661 829 1702; x_wconf 75' lang='lat' dir='ltr'>piacularem</span> <span class='ocrx_word' id='word_1_236' title='bbox 851 1672 900 1690; x_wconf 87' lang='lat' dir='ltr'>me</span> <span class='ocrx_word' id='word_1_237' title='bbox 916 1671 982 1690; x_wconf 84' lang='lat' dir='ltr'>esse</span> <span class='ocrx_word' id='word_1_238' title='bbox 1006 1673 1149 1701; x_wconf 79' lang='lat' dir='ltr'>agnosco,</span> <span class='ocrx_word' id='word_1_239' title='bbox 1166 1673 1233 1697; x_wconf 86' lang='lat' dir='ltr'>nec,</span> <span class='ocrx_word' id='word_1_240' title='bbox 1250 1663 1351 1702; x_wconf 84' lang='lat' dir='ltr'>siquid</span> <span class='ocrx_word' id='word_1_241' title='bbox 1367 1663 1476 1697; x_wconf 83' lang='lat' dir='ltr'>erravi,</span> <span class='ocrx_word' id='word_1_242' title='bbox 1491 1667 1659 1693; x_wconf 78' lang='lat' dir='ltr'>retractare</span> 
     </span>
     <span class='ocr_line' id='line_1_24' title="bbox 197 1718 1661 1761; baseline 0.001 -10"><span class='ocrx_word' id='word_1_243' title='bbox 197 1726 229 1752; x_wconf 83' lang='lat' dir='ltr'>et</span> <span class='ocrx_word' id='word_1_244' title='bbox 243 1720 394 1760; x_wconf 83' lang='lat' dir='ltr'>corrigere</span> <span class='ocrx_word' id='word_1_245' title='bbox 410 1719 503 1759; x_wconf 79' lang='lat' dir='ltr'>piget.</span> <span class='ocrx_word' id='word_1_246' title='bbox 549 1718 674 1748; x_wconf 80' lang='lat' dir='ltr'>Etenim</span> <span class='ocrx_word' id='word_1_247' title='bbox 690 1719 722 1748; x_wconf 91' lang='lat' dir='ltr'>in</span> <span class='ocrx_word' id='word_1_248' title='bbox 736 1719 815 1748; x_wconf 91' lang='lat' dir='ltr'>libro</span> <span class='ocrx_word' id='word_1_249' title='bbox 830 1718 929 1758; x_wconf 85' lang='lat' dir='ltr'>primo</span> <span class='ocrx_word' id='word_1_250' title='bbox 945 1719 984 1748; x_wconf 84' lang='lat' dir='ltr'>de</span> <span class='ocrx_word' id='word_1_251' title='bbox 1001 1721 1105 1749; x_wconf 76' lang='lat' dir='ltr'>metris</span> <span class='ocrx_word' id='word_1_252' title='bbox 1121 1730 1189 1759; x_wconf 77' lang='lat' dir='ltr'>cap.</span> <span class='ocrx_word' id='word_1_253' title='bbox 1208 1731 1258 1749; x_wconf 74' lang='lat' dir='ltr'>xx.</span> <span class='ocrx_word' id='word_1_254' title='bbox 1276 1721 1498 1754; x_wconf 87' lang='lat' dir='ltr'>demonstravi,</span> <span class='ocrx_word' id='word_1_255' title='bbox 1513 1720 1661 1761; x_wconf 81' lang='lat' dir='ltr'>quaelibet</span> 
     </span>
     <span class='ocr_line' id='line_1_25' title="bbox 197 1778 1661 1820; baseline -0.001 -9"><span class='ocrx_word' id='word_1_256' title='bbox 197 1779 357 1814; x_wconf 84' lang='lat' dir='ltr'>vocabula,</span> <span class='ocrx_word' id='word_1_257' title='bbox 376 1779 488 1819; x_wconf 84' lang='lat' dir='ltr'>pariter</span> <span class='ocrx_word' id='word_1_258' title='bbox 503 1785 597 1818; x_wconf 81' lang='lat' dir='ltr'>atque</span> <span class='ocrx_word' id='word_1_259' title='bbox 620 1779 702 1818; x_wconf 81' lang='lat' dir='ltr'>ipsos</span> <span class='ocrx_word' id='word_1_260' title='bbox 717 1788 831 1813; x_wconf 85' lang='lat' dir='ltr'>versus,</span> <span class='ocrx_word' id='word_1_261' title='bbox 847 1788 933 1807; x_wconf 84' lang='lat' dir='ltr'>suum</span> <span class='ocrx_word' id='word_1_262' title='bbox 950 1779 1114 1818; x_wconf 83' lang='lat' dir='ltr'>quemdam</span> <span class='ocrx_word' id='word_1_263' title='bbox 1132 1789 1294 1808; x_wconf 77' lang='lat' dir='ltr'>numerum</span> <span class='ocrx_word' id='word_1_264' title='bbox 1310 1779 1435 1813; x_wconf 79' lang='lat' dir='ltr'>habere,</span> <span class='ocrx_word' id='word_1_265' title='bbox 1451 1778 1580 1820; x_wconf 77' lang='lat' dir='ltr'>ejusque</span> <span class='ocrx_word' id='word_1_266' title='bbox 1604 1789 1661 1809; x_wconf 83' lang='lat' dir='ltr'>nu-</span> 
     </span>
     <span class='ocr_line' id='line_1_26' title="bbox 200 1837 1662 1881; baseline 0.001 -13"><span class='ocrx_word' id='word_1_267' title='bbox 200 1838 443 1872; x_wconf 70' lang='lat' dir='ltr'>meri&#39;eamdem,</span> <span class='ocrx_word' id='word_1_268' title='bbox 460 1848 528 1878; x_wconf 84' lang='lat' dir='ltr'>quae</span> <span class='ocrx_word' id='word_1_269' title='bbox 544 1837 576 1866; x_wconf 82' lang='lat' dir='ltr'>&#39;m</span> <span class='ocrx_word' id='word_1_270' title='bbox 589 1837 706 1867; x_wconf 73' lang='lat' dir='ltr'>caeteris</span> <span class='ocrx_word' id='word_1_271' title='bbox 722 1837 856 1866; x_wconf 82' lang='lat' dir='ltr'>numeris</span> <span class='ocrx_word' id='word_1_272' title='bbox 872 1843 928 1872; x_wconf 86' lang='lat' dir='ltr'>est,</span> <span class='ocrx_word' id='word_1_273' title='bbox 944 1838 1043 1878; x_wconf 70' lang='lat' dir='ltr'>legem</span> <span class='ocrx_word' id='word_1_274' title='bbox 1062 1849 1137 1873; x_wconf 63' lang='lat' dir='ltr'>esse,</span> <span class='ocrx_word' id='word_1_275' title='bbox 1150 1846 1182 1869; x_wconf 91' lang='lat' dir='ltr'>ut</span> <span class='ocrx_word' id='word_1_276' title='bbox 1200 1839 1308 1869; x_wconf 77' lang='lat' dir='ltr'>ultima</span> <span class='ocrx_word' id='word_1_277' title='bbox 1323 1839 1442 1881; x_wconf 58' lang='lat' dir='ltr'>syllaba</span> <span class='ocrx_word' id='word_1_278' title='bbox 1456 1848 1600 1869; x_wconf 84' lang='lat' dir='ltr'>mensura</span> <span class='ocrx_word' id='word_1_279' title='bbox 1611 1849 1662 1870; x_wconf 88' lang='lat' dir='ltr'>ca-</span> 
     </span>
     <span class='ocr_line' id='line_1_27' title="bbox 202 1896 1665 1939; baseline 0 -11"><span class='ocrx_word' id='word_1_280' title='bbox 202 1903 278 1933; x_wconf 85' lang='lat' dir='ltr'>reat,</span> <span class='ocrx_word' id='word_1_281' title='bbox 293 1908 362 1938; x_wconf 85' lang='lat' dir='ltr'>quae</span> <span class='ocrx_word' id='word_1_282' title='bbox 377 1903 479 1927; x_wconf 85' lang='lat' dir='ltr'>autem</span> <span class='ocrx_word' id='word_1_283' title='bbox 496 1896 606 1926; x_wconf 77' lang='lat' dir='ltr'>mediae</span> <span class='ocrx_word' id='word_1_284' title='bbox 628 1896 754 1937; x_wconf 80' lang='lat' dir='ltr'>syllabae</span> <span class='ocrx_word' id='word_1_285' title='bbox 776 1902 857 1931; x_wconf 82' lang='lat' dir='ltr'>sunt,</span> <span class='ocrx_word' id='word_1_286' title='bbox 874 1907 976 1927; x_wconf 84' lang='lat' dir='ltr'>earum</span> <span class='ocrx_word' id='word_1_287' title='bbox 1000 1904 1083 1928; x_wconf 81' lang='lat' dir='ltr'>certa</span> <span class='ocrx_word' id='word_1_288' title='bbox 1109 1908 1250 1928; x_wconf 79' lang='lat' dir='ltr'>mensura</span> <span class='ocrx_word' id='word_1_289' title='bbox 1266 1905 1357 1939; x_wconf 84' lang='lat' dir='ltr'>atque</span> <span class='ocrx_word' id='word_1_290' title='bbox 1381 1898 1582 1928; x_wconf 84' lang='lat' dir='ltr'>immutabilis</span> <span class='ocrx_word' id='word_1_291' title='bbox 1605 1897 1665 1937; x_wconf 82' lang='lat' dir='ltr'>sit;</span> 
     </span>
     <span class='ocr_line' id='line_1_28' title="bbox 203 1956 1666 1998; baseline 0 -11"><span class='ocrx_word' id='word_1_292' title='bbox 203 1957 244 1987; x_wconf 90' lang='lat' dir='ltr'>ob</span> <span class='ocrx_word' id='word_1_293' title='bbox 259 1967 388 1998; x_wconf 85' lang='lat' dir='ltr'>eamque</span> <span class='ocrx_word' id='word_1_294' title='bbox 403 1966 478 1991; x_wconf 86' lang='lat' dir='ltr'>rem,</span> <span class='ocrx_word' id='word_1_295' title='bbox 495 1956 519 1985; x_wconf 79' lang='lat' dir='ltr'>si</span> <span class='ocrx_word' id='word_1_296' title='bbox 533 1957 658 1997; x_wconf 86' lang='lat' dir='ltr'>quando</span> <span class='ocrx_word' id='word_1_297' title='bbox 673 1956 775 1985; x_wconf 85' lang='lat' dir='ltr'>brevis</span> <span class='ocrx_word' id='word_1_298' title='bbox 788 1956 906 1997; x_wconf 73' lang='lat' dir='ltr'>syllaba</span> <span class='ocrx_word' id='word_1_299' title='bbox 922 1957 1121 1997; x_wconf 75' lang='lat' dir='ltr'>producenda</span> <span class='ocrx_word' id='word_1_300' title='bbox 1143 1963 1233 1992; x_wconf 83' lang='lat' dir='ltr'>esset,</span> <span class='ocrx_word' id='word_1_301' title='bbox 1249 1967 1318 1987; x_wconf 86' lang='lat' dir='ltr'>eam</span> <span class='ocrx_word' id='word_1_302' title='bbox 1331 1956 1480 1998; x_wconf 82' lang='lat' dir='ltr'>syllabam</span> <span class='ocrx_word' id='word_1_303' title='bbox 1497 1966 1561 1986; x_wconf 87' lang='lat' dir='ltr'>non</span> <span class='ocrx_word' id='word_1_304' title='bbox 1574 1965 1666 1997; x_wconf 71' lang='lat' dir='ltr'>posse</span> 
     </span>
     <span class='ocr_line' id='line_1_29' title="bbox 205 2015 1666 2057; baseline -0.001 -10"><span class='ocrx_word' id='word_1_305' title='bbox 205 2027 243 2047; x_wconf 81' lang='lat' dir='ltr'>ex</span> <span class='ocrx_word' id='word_1_306' title='bbox 259 2016 296 2047; x_wconf 85' lang='lat' dir='ltr'>iis</span> <span class='ocrx_word' id='word_1_307' title='bbox 317 2026 393 2051; x_wconf 83' lang='lat' dir='ltr'>esse,</span> <span class='ocrx_word' id='word_1_308' title='bbox 410 2025 538 2056; x_wconf 85' lang='lat' dir='ltr'>quarum</span> <span class='ocrx_word' id='word_1_309' title='bbox 553 2020 697 2045; x_wconf 81' lang='lat' dir='ltr'>constans</span> <span class='ocrx_word' id='word_1_310' title='bbox 720 2022 800 2045; x_wconf 86' lang='lat' dir='ltr'>esset</span> <span class='ocrx_word' id='word_1_311' title='bbox 824 2021 855 2045; x_wconf 87' lang='lat' dir='ltr'>et</span> <span class='ocrx_word' id='word_1_312' title='bbox 878 2021 961 2046; x_wconf 82' lang='lat' dir='ltr'>certa</span> <span class='ocrx_word' id='word_1_313' title='bbox 984 2026 1137 2046; x_wconf 76' lang='lat' dir='ltr'>mensura.</span> <span class='ocrx_word' id='word_1_314' title='bbox 1169 2015 1220 2046; x_wconf 82' lang='lat' dir='ltr'>-Id</span> <span class='ocrx_word' id='word_1_315' title='bbox 1238 2027 1333 2057; x_wconf 87' lang='lat' dir='ltr'>quum</span> <span class='ocrx_word' id='word_1_316' title='bbox 1349 2023 1430 2046; x_wconf 80' lang='lat' dir='ltr'>esset</span> <span class='ocrx_word' id='word_1_317' title='bbox 1445 2015 1603 2046; x_wconf 76' lang='lat' dir='ltr'>verissime</span> <span class='ocrx_word' id='word_1_318' title='bbox 1619 2015 1666 2046; x_wconf 82' lang='lat' dir='ltr'>di-</span> 
     </span>
     <span class='ocr_line' id='line_1_30' title="bbox 205 2075 1667 2117; baseline -0.001 -10"><span class='ocrx_word' id='word_1_319' title='bbox 205 2083 302 2112; x_wconf 85' lang='lat' dir='ltr'>ctum,</span> <span class='ocrx_word' id='word_1_320' title='bbox 316 2087 378 2106; x_wconf 89' lang='lat' dir='ltr'>non</span> <span class='ocrx_word' id='word_1_321' title='bbox 391 2077 527 2106; x_wconf 85' lang='lat' dir='ltr'>debebat</span> <span class='ocrx_word' id='word_1_322' title='bbox 541 2075 665 2116; x_wconf 76' lang='lat' dir='ltr'>negligi,</span> <span class='ocrx_word' id='word_1_323' title='bbox 675 2086 769 2116; x_wconf 88' lang='lat' dir='ltr'>quum</span> <span class='ocrx_word' id='word_1_324' title='bbox 785 2075 816 2105; x_wconf 92' lang='lat' dir='ltr'>in</span> <span class='ocrx_word' id='word_1_325' title='bbox 828 2075 905 2105; x_wconf 90' lang='lat' dir='ltr'>libro</span> <span class='ocrx_word' id='word_1_326' title='bbox 921 2076 1011 2106; x_wconf 83' lang='lat' dir='ltr'>tertio</span> <span class='ocrx_word' id='word_1_327' title='bbox 1027 2076 1066 2105; x_wconf 87' lang='lat' dir='ltr'>de</span> <span class='ocrx_word' id='word_1_328' title='bbox 1083 2075 1219 2105; x_wconf 79' lang='lat' dir='ltr'>versibus</span> <span class='ocrx_word' id='word_1_329' title='bbox 1234 2076 1419 2117; x_wconf 79' lang='lat' dir='ltr'>asynartctis</span> <span class='ocrx_word' id='word_1_330' title='bbox 1434 2081 1466 2106; x_wconf 80' lang='lat' dir='ltr'>et</span> <span class='ocrx_word' id='word_1_331' title='bbox 1481 2076 1667 2116; x_wconf 83' lang='lat' dir='ltr'>tragicorum</span> 
     </span>
     <span class='ocr_line' id='line_1_31' title="bbox 208 2134 1669 2176; baseline -0.001 -10"><span class='ocrx_word' id='word_1_332' title='bbox 208 2137 308 2167; x_wconf 84' lang='lat' dir='ltr'>choris</span> <span class='ocrx_word' id='word_1_333' title='bbox 327 2136 528 2176; x_wconf 80' lang='lat' dir='ltr'>disputarem·</span> <span class='ocrx_word' id='word_1_334' title='bbox 574 2135 677 2165; x_wconf 85' lang='lat' dir='ltr'>Facile</span> <span class='ocrx_word' id='word_1_335' title='bbox 694 2135 775 2164; x_wconf 86' lang='lat' dir='ltr'>enim</span> <span class='ocrx_word' id='word_1_336' title='bbox 792 2134 982 2175; x_wconf 76' lang='lat' dir='ltr'>intelligitur,</span> <span class='ocrx_word' id='word_1_337' title='bbox 998 2145 1092 2176; x_wconf 91' lang='lat' dir='ltr'>quum</span> <span class='ocrx_word' id='word_1_338' title='bbox 1110 2135 1259 2165; x_wconf 85' lang='lat' dir='ltr'>vocabula</span> <span class='ocrx_word' id='word_1_339' title='bbox 1281 2136 1313 2165; x_wconf 91' lang='lat' dir='ltr'>in</span> <span class='ocrx_word' id='word_1_340' title='bbox 1336 2135 1414 2164; x_wconf 86' lang='lat' dir='ltr'>duos</span> <span class='ocrx_word' id='word_1_341' title='bbox 1437 2145 1542 2164; x_wconf 81' lang='lat' dir='ltr'>versus</span> <span class='ocrx_word' id='word_1_342' title='bbox 1557 2135 1669 2165; x_wconf 79' lang='lat' dir='ltr'>distra-</span> 
     </span>
     <span class='ocr_line' id='line_1_32' title="bbox 208 2193 1670 2235; baseline -0.001 -10"><span class='ocrx_word' id='word_1_343' title='bbox 208 2195 311 2226; x_wconf 84' lang='lat' dir='ltr'>henda</span> <span class='ocrx_word' id='word_1_344' title='bbox 327 2201 410 2229; x_wconf 87' lang='lat' dir='ltr'>sunt,</span> <span class='ocrx_word' id='word_1_345' title='bbox 426 2195 458 2224; x_wconf 90' lang='lat' dir='ltr'>id</span> <span class='ocrx_word' id='word_1_346' title='bbox 480 2205 542 2225; x_wconf 87' lang='lat' dir='ltr'>non</span> <span class='ocrx_word' id='word_1_347' title='bbox 559 2204 647 2234; x_wconf 85' lang='lat' dir='ltr'>posse</span> <span class='ocrx_word' id='word_1_348' title='bbox 664 2194 752 2224; x_wconf 87' lang='lat' dir='ltr'>aliter</span> <span class='ocrx_word' id='word_1_349' title='bbox 771 2195 845 2227; x_wconf 78' lang='lat' dir='ltr'>fieri.</span> <span class='ocrx_word' id='word_1_350' title='bbox 862 2194 919 2223; x_wconf 75' lang='lat' dir='ltr'>nisi</span> <span class='ocrx_word' id='word_1_351' title='bbox 936 2195 988 2229; x_wconf 85' lang='lat' dir='ltr'>sic,</span> <span class='ocrx_word' id='word_1_352' title='bbox 1006 2201 1038 2224; x_wconf 89' lang='lat' dir='ltr'>ut</span> <span class='ocrx_word' id='word_1_353' title='bbox 1058 2195 1090 2224; x_wconf 90' lang='lat' dir='ltr'>in</span> <span class='ocrx_word' id='word_1_354' title='bbox 1114 2195 1190 2224; x_wconf 81' lang='lat' dir='ltr'>fines</span> <span class='ocrx_word' id='word_1_355' title='bbox 1208 2205 1348 2224; x_wconf 81' lang='lat' dir='ltr'>versuum</span> <span class='ocrx_word' id='word_1_356' title='bbox 1373 2203 1418 2224; x_wconf 83' lang='lat' dir='ltr'>eae</span> <span class='ocrx_word' id='word_1_357' title='bbox 1441 2193 1568 2235; x_wconf 80' lang='lat' dir='ltr'>syllabae</span> <span class='ocrx_word' id='word_1_358' title='bbox 1591 2193 1670 2224; x_wconf 83' lang='lat' dir='ltr'>inci-</span> 
     </span>
     <span class='ocr_line' id='line_1_33' title="bbox 207 2253 1671 2295; baseline -0.001 -10"><span class='ocrx_word' id='word_1_359' title='bbox 207 2255 294 2290; x_wconf 83' lang='lat' dir='ltr'>dant,</span> <span class='ocrx_word' id='word_1_360' title='bbox 309 2265 377 2295; x_wconf 87' lang='lat' dir='ltr'>quae</span> <span class='ocrx_word' id='word_1_361' title='bbox 392 2254 483 2295; x_wconf 85' lang='lat' dir='ltr'>plane</span> <span class='ocrx_word' id='word_1_362' title='bbox 505 2259 675 2294; x_wconf 81' lang='lat' dir='ltr'>congruant</span> <span class='ocrx_word' id='word_1_363' title='bbox 699 2263 768 2283; x_wconf 89' lang='lat' dir='ltr'>cum</span> <span class='ocrx_word' id='word_1_364' title='bbox 792 2253 999 2293; x_wconf 78' lang='lat' dir='ltr'>descriptione</span> <span class='ocrx_word' id='word_1_365' title='bbox 1024 2260 1199 2284; x_wconf 80' lang='lat' dir='ltr'>metrorum.</span> <span class='ocrx_word' id='word_1_366' title='bbox 1246 2253 1348 2284; x_wconf 84' lang='lat' dir='ltr'>Aliter</span> <span class='ocrx_word' id='word_1_367' title='bbox 1369 2254 1453 2283; x_wconf 87' lang='lat' dir='ltr'>enim</span> <span class='ocrx_word' id='word_1_368' title='bbox 1476 2260 1508 2283; x_wconf 88' lang='lat' dir='ltr'>et</span> <span class='ocrx_word' id='word_1_369' title='bbox 1536 2257 1671 2283; x_wconf 78' lang='lat' dir='ltr'>metrum</span> 
     </span>
     <span class='ocr_line' id='line_1_34' title="bbox 208 2311 1673 2354; baseline -0.002 -10"><span class='ocrx_word' id='word_1_370' title='bbox 208 2313 385 2348; x_wconf 68' lang='lat' dir='ltr'>violaretur,</span> <span class='ocrx_word' id='word_1_371' title='bbox 400 2321 431 2344; x_wconf 90' lang='lat' dir='ltr'>et</span> <span class='ocrx_word' id='word_1_372' title='bbox 447 2313 498 2354; x_wconf 88' lang='lat' dir='ltr'>qni</span> <span class='ocrx_word' id='word_1_373' title='bbox 521 2313 552 2343; x_wconf 87' lang='lat' dir='ltr'>in</span> <span class='ocrx_word' id='word_1_374' title='bbox 575 2313 649 2353; x_wconf 86' lang='lat' dir='ltr'>ipsis</span> <span class='ocrx_word' id='word_1_375' title='bbox 674 2312 826 2342; x_wconf 84' lang='lat' dir='ltr'>vocabulis</span> <span class='ocrx_word' id='word_1_376' title='bbox 851 2323 995 2343; x_wconf 87' lang='lat' dir='ltr'>numerus</span> <span class='ocrx_word' id='word_1_377' title='bbox 1018 2312 1109 2348; x_wconf 83' lang='lat' dir='ltr'>inest,</span> <span class='ocrx_word' id='word_1_378' title='bbox 1127 2313 1250 2353; x_wconf 85' lang='lat' dir='ltr'>penitus</span> <span class='ocrx_word' id='word_1_379' title='bbox 1273 2312 1425 2347; x_wconf 79' lang='lat' dir='ltr'>interiret,</span> <span class='ocrx_word' id='word_1_380' title='bbox 1442 2318 1535 2353; x_wconf 81' lang='lat' dir='ltr'>atque</span> <span class='ocrx_word' id='word_1_381' title='bbox 1549 2311 1673 2342; x_wconf 76' lang='lat' dir='ltr'>aurium</span> 
     </span>
     <span class='ocr_line' id='line_1_35' title="bbox 210 2370 1671 2414; baseline -0.001 -11"><span class='ocrx_word' id='word_1_382' title='bbox 210 2382 333 2414; x_wconf 86' lang='lat' dir='ltr'>quoque</span> <span class='ocrx_word' id='word_1_383' title='bbox 350 2382 484 2403; x_wconf 88' lang='lat' dir='ltr'>summus</span> <span class='ocrx_word' id='word_1_384' title='bbox 499 2378 738 2412; x_wconf 82' lang='lat' dir='ltr'>consequeretur</span> <span class='ocrx_word' id='word_1_385' title='bbox 752 2371 913 2401; x_wconf 80' lang='lat' dir='ltr'>cruciatus.</span> <span class='ocrx_word' id='word_1_386' title='bbox 960 2371 1040 2402; x_wconf 84' lang='lat' dir='ltr'>Nam</span> <span class='ocrx_word' id='word_1_387' title='bbox 1059 2373 1083 2402; x_wconf 83' lang='lat' dir='ltr'>si</span> <span class='ocrx_word' id='word_1_388' title='bbox 1098 2372 1232 2412; x_wconf 82' lang='lat' dir='ltr'>cujusvis</span> <span class='ocrx_word' id='word_1_389' title='bbox 1246 2383 1350 2403; x_wconf 83' lang='lat' dir='ltr'>versus</span> <span class='ocrx_word' id='word_1_390' title='bbox 1367 2372 1504 2402; x_wconf 81' lang='lat' dir='ltr'>ultimam</span> <span class='ocrx_word' id='word_1_391' title='bbox 1520 2370 1671 2412; x_wconf 58' lang='lat' dir='ltr'>syllabam</span> 
     </span>
     <span class='ocr_line' id='line_1_36' title="bbox 213 2429 1676 2472; baseline -0.001 -10"><span class='ocrx_word' id='word_1_392' title='bbox 213 2442 356 2462; x_wconf 83' lang='lat' dir='ltr'>mensura</span> <span class='ocrx_word' id='word_1_393' title='bbox 370 2441 474 2462; x_wconf 84' lang='lat' dir='ltr'>carere</span> <span class='ocrx_word' id='word_1_394' title='bbox 490 2431 716 2465; x_wconf 84' lang='lat' dir='ltr'>contendimus,</span> <span class='ocrx_word' id='word_1_395' title='bbox 731 2431 761 2460; x_wconf 91' lang='lat' dir='ltr'>id</span> <span class='ocrx_word' id='word_1_396' title='bbox 787 2431 866 2460; x_wconf 79' lang='lat' dir='ltr'>lianc</span> <span class='ocrx_word' id='word_1_397' title='bbox 882 2431 943 2460; x_wconf 76' lang='lat' dir='ltr'>vim</span> <span class='ocrx_word' id='word_1_398' title='bbox 966 2431 1070 2467; x_wconf 81' lang='lat' dir='ltr'>habet,</span> <span class='ocrx_word' id='word_1_399' title='bbox 1088 2439 1131 2466; x_wconf 90' lang='lat' dir='ltr'>ut,</span> <span class='ocrx_word' id='word_1_400' title='bbox 1146 2431 1368 2472; x_wconf 82' lang='lat' dir='ltr'>cujuscumque</span> <span class='ocrx_word' id='word_1_401' title='bbox 1391 2441 1542 2461; x_wconf 81' lang='lat' dir='ltr'>mensurae</span> <span class='ocrx_word' id='word_1_402' title='bbox 1563 2429 1676 2461; x_wconf 70' lang='lat' dir='ltr'>ultimo</span> 
     </span>
     <span class='ocr_line' id='line_1_37' title="bbox 215 2476 1679 2532; baseline -0.001 -11"><span class='ocrx_word' id='word_1_403' title='bbox 215 2490 334 2532; x_wconf 66' lang='lat' dir='ltr'>syllaba</span> <span class='ocrx_word' id='word_1_404' title='bbox 350 2490 399 2525; x_wconf 86' lang='lat' dir='ltr'>sit,</span> <span class='ocrx_word' id='word_1_405' title='bbox 413 2501 452 2520; x_wconf 85' lang='lat' dir='ltr'>ea</span> <span class='ocrx_word' id='word_1_406' title='bbox 473 2495 528 2530; x_wconf 83' lang='lat' dir='ltr'>pro</span> <span class='ocrx_word' id='word_1_407' title='bbox 543 2489 634 2520; x_wconf 67' lang='lat' dir='ltr'>metri</span> <span class='ocrx_word' id='word_1_408' title='bbox 649 2489 797 2530; x_wconf 84' lang='lat' dir='ltr'>cujusque</span> <span class='ocrx_word' id='word_1_409' title='bbox 816 2495 935 2525; x_wconf 80' lang='lat' dir='ltr'>natura,</span> <span class='ocrx_word' id='word_1_410' title='bbox 952 2491 975 2520; x_wconf 70' lang='lat' dir='ltr'>si</span> <span class='ocrx_word' id='word_1_411' title='bbox 992 2490 1084 2531; x_wconf 86' lang='lat' dir='ltr'>longa</span> <span class='ocrx_word' id='word_1_412' title='bbox 1100 2490 1272 2531; x_wconf 83' lang='lat' dir='ltr'>requiritur,</span> <span class='ocrx_word' id='word_1_413' title='bbox 1289 2490 1426 2530; x_wconf 83' lang='lat' dir='ltr'>produci,</span> <span class='ocrx_word' id='word_1_414' title='bbox 1442 2490 1466 2519; x_wconf 81' lang='lat' dir='ltr'>si</span> <span class='ocrx_word' id='word_1_415' title='bbox 1481 2489 1594 2524; x_wconf 84' lang='lat' dir='ltr'>brevis,</span> <span class='ocrx_word' id='word_1_416' title='bbox 1604 2476 1679 2519; x_wconf 33' lang='lat' dir='ltr'>,cop</span> 
     </span>
     <span class='ocr_line' id='line_1_38' title="bbox 216 2549 1675 2590; baseline -0.001 -11"><span class='ocrx_word' id='word_1_417' title='bbox 216 2549 275 2590; x_wconf 79' lang='lat' dir='ltr'>ripi</span> <span class='ocrx_word' id='word_1_418' title='bbox 291 2549 492 2585; x_wconf 81' lang='lat' dir='ltr'>existimetur,</span> <span class='ocrx_word' id='word_1_419' title='bbox 507 2550 570 2579; x_wconf 83' lang='lat' dir='ltr'>sive</span> <span class='ocrx_word' id='word_1_420' title='bbox 585 2549 629 2579; x_wconf 84' lang='lat' dir='ltr'>ita</span> <span class='ocrx_word' id='word_1_421' title='bbox 643 2559 749 2579; x_wconf 85' lang='lat' dir='ltr'>revera</span> <span class='ocrx_word' id='word_1_422' title='bbox 771 2549 819 2584; x_wconf 87' lang='lat' dir='ltr'>sit,</span> <span class='ocrx_word' id='word_1_423' title='bbox 837 2550 899 2579; x_wconf 86' lang='lat' dir='ltr'>sive</span> <span class='ocrx_word' id='word_1_424' title='bbox 917 2559 977 2579; x_wconf 87' lang='lat' dir='ltr'>non</span> <span class='ocrx_word' id='word_1_425' title='bbox 995 2549 1044 2580; x_wconf 77' lang='lat' dir='ltr'>sit·</span> <span class='ocrx_word' id='word_1_426' title='bbox 1091 2549 1202 2590; x_wconf 82' lang='lat' dir='ltr'>Itaque</span> <span class='ocrx_word' id='word_1_427' title='bbox 1224 2560 1317 2590; x_wconf 88' lang='lat' dir='ltr'>quum</span> <span class='ocrx_word' id='word_1_428' title='bbox 1334 2550 1547 2579; x_wconf 74' lang='lat' dir='ltr'>hexametrum</span> <span class='ocrx_word' id='word_1_429' title='bbox 1563 2549 1675 2589; x_wconf 80' lang='lat' dir='ltr'>dacty-</span> 
     </span>
     <span class='ocr_line' id='line_1_39' title="bbox 216 2606 1676 2651; baseline -0.001 -12"><span class='ocrx_word' id='word_1_430' title='bbox 216 2609 309 2639; x_wconf 86' lang='lat' dir='ltr'>licum</span> <span class='ocrx_word' id='word_1_431' title='bbox 324 2609 356 2639; x_wconf 87' lang='lat' dir='ltr'>in</span> <span class='ocrx_word' id='word_1_432' title='bbox 372 2609 531 2651; x_wconf 82' lang='lat' dir='ltr'>dactylum</span> <span class='ocrx_word' id='word_1_433' title='bbox 545 2609 629 2639; x_wconf 84' lang='lat' dir='ltr'>exire</span> <span class='ocrx_word' id='word_1_434' title='bbox 641 2609 783 2644; x_wconf 81' lang='lat' dir='ltr'>dicimus,</span> <span class='ocrx_word' id='word_1_435' title='bbox 798 2608 906 2639; x_wconf 88' lang='lat' dir='ltr'>ultima</span> <span class='ocrx_word' id='word_1_436' title='bbox 921 2609 1020 2639; x_wconf 84' lang='lat' dir='ltr'>brevis</span> <span class='ocrx_word' id='word_1_437' title='bbox 1035 2609 1199 2639; x_wconf 83' lang='lat' dir='ltr'>habebitur</span> <span class='ocrx_word' id='word_1_438' title='bbox 1213 2609 1307 2639; x_wconf 86' lang='lat' dir='ltr'>etiam</span> <span class='ocrx_word' id='word_1_439' title='bbox 1323 2608 1356 2639; x_wconf 85' lang='lat' dir='ltr'>in</span> <span class='ocrx_word' id='word_1_440' title='bbox 1376 2609 1436 2640; x_wconf 89' lang='lat' dir='ltr'>hoc</span> <span class='ocrx_word' id='word_1_441' title='bbox 1451 2618 1541 2640; x_wconf 76' lang='lat' dir='ltr'>versu</span> <span class='ocrx_word' id='word_1_442' title='bbox 1556 2606 1676 2649; x_wconf 61' lang='lat' dir='ltr'>Sophos-</span> 
     </span>
     <span class='ocr_line' id='line_1_40' title="bbox 218 2667 644 2711; baseline -0.002 -13"><span class='ocrx_word' id='word_1_443' title='bbox 218 2667 274 2699; x_wconf 69' lang='lat' dir='ltr'>clin</span> <span class='ocrx_word' id='word_1_444' title='bbox 287 2668 320 2700; x_wconf 85' lang='lat' dir='ltr'>in</span> <span class='ocrx_word' id='word_1_445' title='bbox 334 2667 448 2711; x_wconf 87' lang='lat' dir='ltr'>OEdipo</span> <span class='ocrx_word' id='word_1_446' title='bbox 463 2668 553 2709; x_wconf 80' lang='lat' dir='ltr'>Rege</span> <span class='ocrx_word' id='word_1_447' title='bbox 570 2670 644 2700; x_wconf 83' lang='lat'>164.</span> 
     </span>
    </p>
   </div>
   <div class='ocr_carea' id='block_1_10' title="bbox 480 2725 1286 2770">
    <p class='ocr_par' dir='ltr' id='par_1_10' title="bbox 480 2725 1286 2770">
     <span class='ocr_line' id='line_1_41' title="bbox 480 2725 1286 2770; baseline 0.001 -13"><span class='ocrx_word' id='word_1_448' title='bbox 480 2725 506 2757; x_wconf 54' lang='grc' dir='ltr'>δι’</span> <span class='ocrx_word' id='word_1_449' title='bbox 517 2737 595 2757; x_wconf 66' lang='grc' dir='ltr'>ποτε</span> <span class='ocrx_word' id='word_1_450' title='bbox 612 2725 664 2757; x_wconf 69' lang='grc' dir='ltr'>καὶ</span> <span class='ocrx_word' id='word_1_451' title='bbox 679 2725 825 2769; x_wconf 61' lang='grc' dir='ltr'>προτέρας</span> <span class='ocrx_word' id='word_1_452' title='bbox 842 2726 918 2760; x_wconf 65' lang='grc' dir='ltr'>ἄτας</span> <span class='ocrx_word' id='word_1_453' title='bbox 936 2725 1008 2770; x_wconf 62' lang='grc' dir='ltr'>ὅπερ</span> <span class='ocrx_word' id='word_1_454' title='bbox 1023 2726 1169 2770; x_wconf 66' lang='grc' dir='ltr'>ὄξνυμένκς</span> <span class='ocrx_word' id='word_1_455' title='bbox 1185 2726 1286 2758; x_wconf 47' lang='lat' dir='ltr'>‘affut</span> 
     </span>
    </p>
   </div>
  </div>
 </body>
</html>
