1815 3262
308 241 616 295 Comment.
646 237 714 292 de
739 233 923 288 metris
949 231 1188 285 Pindari.
1242 233 1303 284 P.
1338 241 1383 286 1.
1503 235 1571 291 17

365 392 393 417 te
407 385 552 426 Corydon,
567 383 583 415 ὁ
597 383 680 414 Aleti
691 394 700 413 .-

367 445 512 484 Amphion
531 443 662 474 Dircaeus
676 443 708 471 in
724 439 819 471 Actaeo
834 435 1008 478 Aracyntho.

108 505 181 537 Alia
203 504 346 546 exempla
369 503 472 535 attulit
486 502 649 533 Bentleius
671 501 711 530 ad
727 499 839 529 Horat.
855 496 901 526 iii.
917 495 1022 526 Carm.
1042 496 1093 529 14,
1109 496 1160 524 11.
1205 491 1325 523 Contra
1339 489 1407 532 quis
1423 498 1486 520 non
1503 499 1570 520 sen-

109 566 158 601 tit,
175 566 320 606 pinguem
337 563 490 604 planeque
506 567 658 601 agrestem
673 569 784 589 sonum
806 556 948 589 existere,
963 565 1057 595 quum
1081 554 1175 594 longa
1196 551 1311 582 vocalis
1332 548 1381 580 vel
1401 548 1569 589 diphthon-

108 635 165 667 gus
180 625 213 655 in
228 623 318 657 thesi,
333 626 483 662 sequente
498 619 598 650 vocali
613 617 804 660 producitur·
847 615 931 646 Nam
946 624 1007 655 quo
1028 613 1156 648 tardius,
1171 617 1203 643 et
1225 606 1428 652 correptionis
1450 608 1570 639 volubi-

107 684 194 715 litate
210 688 242 712 et
257 690 357 711 arseos
380 678 588 710 concitatione
610 683 738 712 remota,
752 676 834 706 iners
849 679 882 705 et
895 673 1043 714 languida
1057 682 1117 702 vox
1132 671 1318 705 devolvitur,
1334 680 1373 701 eo
1389 669 1457 709 plus
1475 667 1568 710 spatii

109 740 290 772 conceditur
305 738 428 768 auribus
443 738 482 767 ad
499 736 732 777 percipiendam
754 734 857 765 hiatus
873 732 1052 763 molestiam.
1098 730 1191 766 Quod
1207 740 1301 770 quum
1315 729 1411 758 latere
1427 726 1570 767 antiquos

108 799 218 841 poetas
239 809 302 828 non
327 803 439 838 posset,
458 807 579 837 perraro
594 796 677 826 istud
702 795 841 824 hiatuum
864 802 962 834 genus
982 792 1202 825 adhibuerunt,
1220 800 1278 821 nec
1295 789 1391 819 ferme
1407 787 1494 821 illud.
1510 786 1569 817 nisi

108 859 247 888 in·versu
261 856 386 887 heroico
403 855 566 887 ferendum
583 859 741 896 putarunt,
757 854 810 895 qui
831 859 955 894 propter
970 852 1132 883 certiorem
1156 856 1188 881 et
1211 848 1508 891 magnificentiorem
1522 846 1570 876 in-

109 926 227 948 cessum
244 915 363 946 facilius
378 914 533 955 asperiora
548 914 699 954 quaedam,
715 923 807 954 quam
823 911 873 941 alii
888 922 1002 946 versus,
1019 911 1208 942 admitteret.
1252 909 1303 939 Ita
1318 908 1482 942 Homerus,

362 971 415 1003 εἶδε
432 972 496 1008 βίην
512 972 539 1002 τ’
556 972 686 1011 ἆγαθδν,
701 971 753 1001 καὶ
767 969 857 1000 Ἰλίου
870 969 913 1010 ἶφι
929 970 1071 1006 audacem,

109 1038 152 1071 et,

366 1091 399 1125 ἢν
414 1092 474 1136 ’γὰρ
490 1090 523 1124 δή
536 1102 574 1130 με
591 1089 674 1121 ocium
689 1090 760 1125 θεοὶ,
776 1089 829 1119 καὶ
844 1088 934 1120 οἴκαδ’
949 1089 1070 1129 ἵκωμαι.

110 1151 192 1184 Inde
207 1152 369 1195 colligitur,
383 1152 535 1193 ejusmodi
555 1152 656 1183 hiatus
670 1152 702 1182 in
718 1151 786 1181 aliis
801 1161 943 1181 versuum
959 1150 1124 1191 generibus
1139 1154 1192 1180 aut
1207 1145 1422 1188 corruptionis,
1438 1149 1491 1175 aut
1505 1154 1569 1174 me-

110 1217 225 1243 trorum
240 1212 319 1243 male
335 1211 559 1252 descriptorum
574 1210 693 1241 indicia
708 1220 784 1241 esse.
830 1209 881 1240 Sic
904 1210 936 1240 in
955 1209 1099 1251 AEschyli
1114 1200 1310 1249 Cho'ephoris
1324 1206 1398 1237 inde
1415 1215 1433 1236 a
1447 1216 1475 1234 v.
1493 1206 1566 1235 288.

112 1271 178 1302 haec
192 1272 336 1313 leguntur
349 1283 355 1300 :

454 1329 507 1360 καὶ
519 1331 577 1364 τοῖς
595 1329 728 1364 τοιούτοις
745 1328 808 1361 οὔτε
824 1329 964 1372 κμγ’ἦςος
975 1327 1058 1371 μξρος

456 1389 524 1420 εἶναι
542 1392 718 1430 μετασχεῖν,
734 1389 764 1420 οὗ
780 1387 968 1429 φιλοσπόνδου
983 1387 1073 1422 λιὲδς,

454 1450 559 1489 βωμᾶἱν
576 1450 603 1479 τ’
619 1449 767 1492 ἀπείργειν
782 1450 840 1490 οὐχ
856 1447 990 1493 ἇςωμένην
1004 1446 1124 1490 van-30¹3

457 1511 536 1550 μῆνιν
551 1509 706 1551 δέχεσθαι,
722 1509 786 1540 οὔτε
801 1508 936 1540 νυλλύειν
952 1507 1028 1538 τινά.

112 1570 190 1607 Quae
205 1571 228 1601 si
244 1571 311 1612 ipsa
326 1580 374 1601 res
386 1581 449 1601 non
466 1572 643 1601 ostenderet
658 1576 803 1611 corrupta
817 1580 894 1607 esse,
910 1568 983 1600 satis
1006 1567 1037 1598 id
1063 1566 1165 1597 hiatus
1189 1566 1456 1596 demonstraturus
1478 1563 1566 1595 soret.

114 1629 161 1661 Ea
174 1641 247 1661 vero
263 1631 304 1661 sic
320 1631 501 1671 corrigenda
518 1636 588 1661 sunt
602 1643 607 1661 :

367 1688 471 1728 βωμόν
487 1689 513 1719 τ’
529 1688 677 1731 ἀπείργειν
690 1688 748 1727 οὐχ
763 1686 898 1729 ὅρωμὶνην
913 1685 1031 1728 πατρὶς

368 1749 459 1786 μῆνιν·
479 1746 624 1786 δέχεσθαι
639 1745 663 1775 δ’
678 1745 741 1776 allen
755 1744 902 1776 συλλούεη
917 1745 993 1776 τινά.

114 1808 226 1849 Neque
241 1807 386 1848 hospitio,
401 1807 511 1849 inquit,
527 1812 724 1847 accepturum
740 1816 793 1836 eos
808 1815 992 1846 quemquam
1005 1814 1083 1839 esse,
1099 1812 1200 1844 neque
1216 1811 1281 1833 una
1294 1801 1476 1832 lavaturum.
1513 1800 1570 1831 Al-

112 1873 211 1899 terum
226 1867 310 1898 enim
325 1865 387 1897 οὔτε
403 1867 516 1902 omisit,
532 1872 566 1897 ut
581 1867 736 1897 Pindarus
748 1866 844 1908 Pyth.
861 1877 891 1897 x.
908 1868 962 1897 46.
975 1863 1053 1894 muer}
1069 1862 1092 1894 δ’
1104 1862 1167 1894 οὔτε
1182 1862 1275 1901 πεζὸς
1293 1862 1347 1894 ἰών.
1380 1862 1419 1893 In
1434 1862 1571 1893 Pindaro

114 1932 217 1956 autem
231 1926 347 1968 ubique
368 1927 425 1957 iste
449 1926 552 1957 hiatus
575 1926 747 1961 obtinebat,
763 1936 853 1968 quem
871 1926 950 1956 adeo
966 1925 1086 1956 metrici
1101 1925 1316 1966 neglexerunt,
1333 1929 1367 1953 ut
1381 1923 1492 1953 mirum
1507 1932 1571 1953 non

113 1984 161 2020 sit,
178 1995 241 2020 eos,
256 1985 309 2026 qui
331 1991 394 2015 tam
414 1985 572 2016 luculenta
587 1996 729 2016 versuum
745 1985 1020 2016 describendorum
1035 1984 1224 2015 adminicula
1238 1982 1492 2024 contempserint,
1507 1982 1571 2012 fru-

113 2050 174 2075 stra
188 2044 221 2075 iu
235 2045 341 2075 metris
356 2045 547 2086 explicandis
562 2046 728 2076 laborasse.
771 2044 841 2076 Nos
855 2045 981 2087 quidem
995 2044 1117 2087 quoties
1128 2055 1198 2075 eum
1215 2044 1336 2074 hiatum
1350 2042 1571 2084 expulerimus,

113 2104 203 2135 facile
219 2104 348 2145 quisque
360 2104 521 2145 intelliget,
537 2106 722 2146 comparatis
736 2105 818 2136 inter
828 2116 860 2136 se
872 2111 976 2136 nostra
987 2110 1019 2136 et
1033 2105 1131 2136 veteri
1147 2110 1312 2135 metrorum
1325 2103 1453 2134 ratione.
1477 2101 1572 2138 Nam,

112 2168 147 2194 ut
162 2173 224 2194 uno
238 2162 382 2204 exemplo
397 2163 614 2206 defungamur,
630 2175 735 2196 nonne
751 2175 848 2207 prope
862 2165 1045 2197 incredibile
1060 2174 1118 2201 est,
1133 2165 1165 2196 in
1182 2164 1241 2196 xiv.
1258 2163 1451 2206 Olympicor.
1465 2163 1509 2193 ita
1524 2161 1571 2193 di-

114 2222 179 2263 geri
194 2233 298 2254 versus
313 2223 461 2265 potuisse,

371 2308 516 2349 Καφισίων
531 2309 641 2341 ὑδάτων
655 2313 766 2351 λαχοῖ-

411 2382 472 2406 σαι,
487 2368 552 2400 αἵτε
570 2368 661 2401 ναίετε
677 2369 875 2402 καλλίπωλον
888 2369 916 2402 ἴ-

412 2427 489 2471 Qar-

113 2514 213 2557 quue
227 2515 286 2547 hoc
297 2516 393 2557 magis
409 2517 582 2549 mirandum
592 2524 649 2554 est,
665 2520 747 2560 quod
762 2519 793 2555 ii,
803 2512 856 2560 qui
868 2519 948 2550 hanc
960 2519 1111 2551 rationem
1127 2518 1249 2562 sequuti
1264 2524 1347 2555 sunt,
1355 2529 1479 2551 carmen
1495 2518 1569 2551 illud

114 2585 178 2605 non
194 2581 342 2616 putarunt
357 2576 648 2618 antistrophicorum
664 2578 731 2619 iege
752 2578 908 2618 scriptum,
925 2584 959 2610 ut
978 2578 1054 2618 nihil
1071 2579 1163 2620 plane
1179 2584 1270 2614 esset,
1287 2580 1370 2620 quod
1386 2578 1497 2609 melius
1510 2578 1574 2610 dis-

113 2634 188 2676 poni
203 2645 308 2666 versus
323 2635 512 2676 prohiberet.
557 2636 642 2673 Quin
658 2637 732 2668 illud
743 2648 864 2679 quoque
876 2638 912 2669 iis
927 2638 1148 2670 admonitionis
1163 2639 1233 2670 loco
1245 2649 1312 2669 esse
1324 2638 1472 2674 debebat,
1485 2638 1571 2679 quod

116 2695 269 2725 secundus
288 2705 405 2731 versus,
428 2695 525 2727 recisa
540 2696 639 2738 prima
654 2696 784 2739 syllaba,
799 2703 832 2728 et
853 2697 975 2740 adjecta
1002 2699 1109 2729 ultima
1131 2698 1217 2729 verbi
1237 2696 1330 2741 ἴδριν,
1346 2709 1409 2729 non
1431 2697 1572 2740 ignotum

115 2754 281 2795 quodpiam
297 2760 331 2785 et
352 2765 477 2791 novum,
494 2757 548 2787 sed
572 2757 764 2788 notissimum
787 2763 880 2800 atque
902 2768 960 2788 usu
985 2757 1177 2788 tritissimum
1201 2768 1299 2799 genus
1322 2758 1413 2789 metri
1434 2758 1574 2792 haberet,

118 2813 199 2852 qnod
214 2812 411 2846 Phalaecenm
435 2815 729 2859 hendecasyllabum
746 2817 931 2860 appellatur.
975 2817 1044 2850 Hos
1065 2817 1161 2859 igitur
1174 2817 1277 2855 hiatus
1299 2828 1442 2849 versuum
1461 2817 1577 2848 descri-

828 2887 847 2908 e
