1815 3262
308 244 917 321 Coinmerit.de.metris
945 241 1180 296 Pindari.
1246 244 1306 295 P.
1345 249 1390 298 1.
1506 251 1578 305 27

118 392 256 436 syllabas
272 402 339 422 esse
353 391 610 424 contrahendum.
625 394 660 420 ut
677 387 785 428 Πυθίᾳ
802 387 910 419 Isthm.
927 388 966 418 vi.
985 389 1036 419 85.
1074 388 1144 418 Jam
1160 396 1232 417 vero
1248 390 1282 416 ut
1304 387 1423 427 singula
1437 388 1580 419 iambico-

116 447 184 485 ιω
207 462 349 482 versuum
370 440 495 492 genera,
510 444 578 491 quae
593 450 719 492 quidem
735 446 869 478 maxime
885 445 1095 477 memorabilia
1110 450 1191 481 sunt,
1207 455 1431 481 enumeremus,
1448 447 1577 486 primum

116 517 310 543 monometro
325 521 396 540 usus
412 514 468 544 est.

706 563 728 589 -’
750 577 766 594 υ
797 567 822 595 Ξ

117 628 242 671 Olymp.
258 627 312 659 vii.
329 627 446 670 stroph.
462 629 494 656 ¹7.
520 625 612 667 Pyth.
629 625 671 656 iii.
689 624 804 666 stroph.
824 626 872 653 10.
900 622 964 653 viii.
981 632 1030 664 ep.
1047 625 1078 654 Ξ.
1103 623 1142 653 xi.
1159 622 1275 663 stroph.
1294 624 1325 652 8.
1371 620 1498 653 Deinde
1522 622 1577 664 hy-

117 684 363 730 percatalectico.
959 684 963 687 '

635 754 651 772 U
672 761 684 768 ο
717 754 732 772 ΙΙ
753 761 765 766 -
787 753 802 771 υ

117 804 168 836 Ol.
183 804 215 835 ii.
240 804 360 845 stroph.
385 805 417 835 3.
441 803 501 834 xiv.
519 805 568 834 18.
593 802 688 845 Pyth.
707 803 748 833 vi.
774 801 892 842 stroph.
918 804 948 832 8.
974 800 1067 830 Nem.
1090 799 1132 830 vi.
1157 809 1208 840 ep.
1231 801 1260 829 7.
1286 798 1374 840 cujus
1390 798 1483 829 etiarn
1498 797 1578 830 hane

117 865 246 896 sormam
261 863 358 894 habet

631 926 654 950 ν’
676 918 693 949 ὗ
715 933 731 949 υ
754 933 769 949 u
791 939 803 945 -
827 933 842 950 υ

114 980 210 1024 Pyth.
226 981 280 1012 vii.
295 980 413 1021 stroph.
431 982 462 1010 8.
497 978 576 1009 Tum
588 979 720 1009 dimeter
734 978 1050 1020 brachycatalecticus
1065 976 1208 1011 occurrit,

106 1034 114 1038 ”
717 1049 732 1066 υ
754 1035 775 1061 -’
799 1050 814 1066 ν
835 1056 849 1062 -
873 1051 888 1067 υ
913 1041 945 1073 ,³1

116 1099 165 1131 01.
181 1099 222 1130 iv.
239 1099 356 1140 stroph.
384 1101 438 1130 12.
465 1109 491 1128 x.
516 1107 568 1138 ep.
593 1099 621 1128 8.
646 1097 743 1138 Pyth.
765 1098 828 1128 viii.
853 1096 970 1136 stroph.
995 1098 1025 1125 8.
1050 1093 1160 1124 Isthm.
1176 1093 1230 1123 vii.
1255 1092 1370 1133 stroph.
1389 1094 1419 1122 8-
1443 1091 1506 1122 viii.
1525 1094 1576 1123 17.

115 1158 168 1201 qui
183 1169 221 1190 ex
238 1168 299 1189 uno
315 1164 435 1188 constat
450 1157 570 1188 ordine.
608 1156 713 1192 Quare
729 1157 762 1187 in
777 1157 836 1187 hoc
851 1167 914 1187 non
925 1155 985 1186 nisi
1000 1155 1103 1184 iambo
1119 1159 1151 1184 et
1167 1153 1322 1183 tribracho
1341 1152 1426 1182 locus
1442 1158 1498 1182 est.
1534 1152 1579 1182 Si-

115 1217 217 1248 milius
230 1216 312 1252 huic,
326 1217 381 1247 sed
398 1227 525 1247 numero
538 1222 570 1246 et
581 1226 725 1246 mensura
738 1217 888 1252 diversus,
900 1215 977 1246 alius
991 1225 1101 1246 versus
1116 1219 1173 1248 est,
1188 1223 1280 1254 quem
1296 1222 1313 1243 e
1326 1212 1447 1243 duobus
1465 1211 1578 1243 ordini·

115 1278 183 1314 bus,
194 1277 416 1319 amphibracho
433 1276 482 1307 vel
499 1276 635 1307 Bacchio
647 1282 679 1307 et
694 1276 809 1308 cretico
824 1274 1007 1315 composuit.
1052 1272 1130 1313 Ejus
1143 1273 1209 1303 haec
1226 1272 1324 1302 forma
1339 1276 1395 1306 est,

636 1348 652 1364 υ
675 1333 695 1359 -’
716 1341 738 1365 ν’
780 1333 786 1376 1
827 1332 848 1358 —'
871 1347 886 1363 υ
908 1353 920 1358 -

115 1395 254 1441 Pytna
271 1396 387 1438 stroph.
405 1397 435 1426 9.
470 1394 615 1437 Sequitur
630 1395 712 1425 hunc
727 1395 859 1425 dimeter
874 1392 1072 1425 catalecticus
1086 1402 1125 1421 ex
1139 1400 1203 1421 uno
1219 1390 1328 1420 ordine

632 1468 648 1484 u
670 1452 691 1479 J
715 1467 730 1483 υ
753 1473 765 1478 -
787 1466 804 1483 υ
827 1471 839 1478 -
860 1456 882 1482 ν’

115 1515 166 1559 Ol.
181 1515 214 1547 ii.
229 1525 279 1557 ep.
296 1517 327 1546 6.
350 1515 390 1545 iv.
406 1515 525 1556 stroph.
544 1517 572 1546 9.
616 1515 697 1545 Tum
708 1513 840 1544 dimeter
854 1512 1081 1548 acatalecticus,
1096 1521 1113 1542 e
1129 1509 1251 1541 duobus
1266 1508 1426 1539 ordinibus

546 1579 568 1603 εἴ
590 1571 610 1598 -'
633 1586 649 1602 υ
670 1592 683 1597 -
723 1572 729 1614 1
770 1575 789 1602 ὖ
813 1571 834 1597 -’
857 1585 874 1601 υ
900 1574 931 1602 Ξ

117 1631 169 1662 01.
186 1631 250 1661 viii.
266 1642 318 1672 ep·
337 1635 386 1661 11.
410 1631 502 1662 Nem.
519 1632 538 1662 i.
562 1632 680 1672 stroph.
699 1635 729 1662 1.
753 1643 780 1660 v.
806 1631 920 1672 stroph.
947 1634 973 1660 1.
999 1629 1109 1660 Isthm.
1133 1628 1177 1659 iii.
1200 1638 1249 1669 ep.
1271 1630 1302 1659 4.
1325 1626 1366 1657 vi.
1383 1629 1412 1657 7.
1449 1623 1575 1656 Deinde

116 1689 424 1733 hypercatalecticu2‚
460 1676 462 1679 .

450 1743 629 1778 ἰΐ·’ν--
668 1747 676 1789 f
716 1747 843 1778 —'v--

115 1809 166 1840 Sic
187 1809 271 1839 enim
292 1807 478 1839 distribuere
499 1808 624 1838 ordines
647 1808 738 1841 malo,
753 1816 846 1848 quarn
866 1810 900 1836 ut
922 1811 1053 1847 uterque
1074 1804 1240 1835 anacrusin
1262 1803 1387 1837 habeat,
1403 1802 1472 1844 ipsa
1487 1812 1575 1832 mon-

114 1871 230 1898 sti-ante
245 1871 278 1896 et
291 1859 411 1896 n'umeri
420 1865 550 1897 lenitate
564 1871 597 1896 et
611 1867 774 1898 verborum
786 1865 986 1895 concinniore
1002 1863 1269 1905 pronunciatione.
1314 1861 1376 1893 Hic
1391 1867 1494 1892 autem
1509 1870 1576 1891 ver-

114 1936 165 1957 nus
187 1924 321 1956 occurrit
341 1924 391 1955 01.
406 1924 447 1955 vi.
464 1926 580 1966 stroph.
597 1928 626 1956 1.
650 1925 701 1956 vii.
717 1927 746 1956 5.
770 1924 864 1955 Nem·
879 1935 907 1955 v·
926 1930 978 1955 str.
993 1926 1023 1955 9.
1047 1923 1158 1954 Isthm.
1174 1923 1193 1954 i.
1206 1932 1256 1965 ep.
1275 1924 1304 1954 8.
1329 1922 1368 1952 vi.
1385 1920 1502 1962 stroph.
1520 1923 1571 1952 12.

114 1983 193 2017 Tum
207 1984 346 2015 trimeter
359 1984 690 2031 brachycatalecticus.

711 2057 898 2090 lie-112

712 2117 771 2133 υυυ

495 2057 625 2089 .'u.-

115 2161 209 2194 Nem.
223 2161 288 2194 viii.
303 2172 355 2204 ep.
373 2165 404 2194 6.
420 2167 454 2193 et
466 2162 693 2198 acatalecticus,

459 2230 622 2262 ..¹u--

708 2229 833 2262 ἐν--
924 2231 1041 2269 :vg

780 2231 886 2318 ..i

116 2342 210 2375 Nem·
226 2354 258 2373 v.
272 2344 389 2386 stroph.
405 2346 435 2375 7.
451 2349 544 2386 atque
559 2344 653 2376 etiam
667 2344 979 2387 hypercatalecticus.

457 2402 621 2433 --'u-·
661 2401 667 2446 Ι
708 2402 837 2434 3,--
876 2401 882 2446 Ι
926 2395 1055 2435 ζ’ν..

117 2460 243 2505 Olymp.
261 2463 306 2493 iii.
320 2463 438 2505 stroph.
455 2465 486 2494 6.
512 2463 605 2494 Nem.
619 2463 660 2495 ix.
678 2465 795 2505 stroph.
810 2467 861 2495 11.

179 2520 449 2558 Quemadmodum
464 2529 569 2553 autem
584 2523 726 2554 trochaeis
740 2523 815 2554 alios
829 2533 972 2554 numeros
983 2521 1137 2564 adjunxit,
1152 2520 1197 2552 ita
1210 2520 1295 2552 idem
1315 2519 1348 2551 in
1363 2518 1474 2551 iambis
1489 2519 1573 2551 fecit.

88 2618 90 2620 ,
115 2582 164 2615 Ac
179 2583 311 2625 primum
327 2589 397 2625 post
412 2583 583 2616 Bacchium
598 2583 743 2616 adhibuit
755 2583 834 2615 duas
846 2583 989 2626 dipodias
1003 2582 1184 2617 trochaicas,

379 2641 470 2672 u·'-
509 2642 516 2684 Ι
555 2641 686 2674 οὐ--
724 2641 733 2686 1
771 2641 899 2674 30·-

117 2699 169 2732 01.
179 2700 222 2732 vi.
231 2706 285 2731 str.
303 2703 332 2732 8.
344 2711 438 2733 unam
453 2707 557 2733 autem
571 2709 641 2744 post
654 2702 821 2734 iambicum
833 2710 1058 2738 monometrum
1072 2703 1155 2746 quod
1170 2712 1268 2745 geum
1277 2701 1425 2746 periodus
1440 2710 1459 2731 a
1473 2709 1571 2743 grain-

117 2759 239 2792 nntieie
252 2759 378 2796 dicitur,
