1836 3247
242 245 313 293 28
766 242 838 295 G.
869 241 1173 296 I-Iermanni

243 384 295 416 01.
313 385 345 416 ii.
361 390 412 417 stt.
430 389 461 418 2.
507 385 658 429 Dactylos
674 392 776 419 autern
794 387 836 419 ita
851 388 1004 430 adjunxit,
1030 395 1063 421 ut
1084 400 1169 421 nunc
1190 388 1444 430 amphibrachum
1471 389 1518 419 vel
1540 389 1702 421 bacchium

242 445 401 488 exciperet
417 446 625 481 choriambus.

588 519 604 535 υ
626 504 647 530 -’
668 512 689 536 υ·
729 504 734 547 Ι
775 505 795 530 -’
819 519 834 536 υ
857 518 872 535 υ
894 524 906 530 -

243 563 337 595 Nem.
354 565 395 595 iv.
411 569 463 595 str.
483 568 512 595 1.
530 566 561 596 3.
579 567 610 596 5.
635 564 743 595 Isthm.
759 565 810 595 vii.
827 571 879 596 str.
897 569 928 596 7.
952 576 969 595 r
987 576 1036 596 mc
1059 565 1152 596 etiarn
1176 565 1335 605 dipodiam
1358 565 1532 600 iambicam.
1552 569 1586 596 ut
1608 563 1703 607 Pyth.

244 623 294 654 vii.
312 633 362 665 cp.
380 626 409 654 7.
434 623 526 654 Nem·
543 624 562 654 i.
579 634 630 665 cp.
647 626 677 654 7.
695 634 777 655 nunc
794 625 958 656 iambicum
977 630 1198 655 monometrum
1215 625 1538 666 hyper-catalecticum.

625 681 645 708 —'
668 697 684 713 υ
707 703 717 708 -
741 703 752 709 -
793 682 799 725 Ι
840 683 859 708 -’
884 697 899 713 v
924 697 939 713 υ
961 703 972 708 -

248 741 342 772 Nem.
360 754 387 772 v.
405 753 453 783 ep.
471 745 501 772 7.
527 741 635 772 Islhrn.
653 743 673 771 i.
690 752 739 782 ep.
758 745 786 773 6.
804 753 884 773 nunc
901 743 995 773 eriam
1008 744 1172 774 dimetrum
1189 743 1513 785 hypercatalecticum,

540 799 667 829 -'v--
708 800 713 841 Ι
754 799 882 830 -’ν--
923 801 928 842 Ι
969 800 1103 830 -ὐυ-

249 859 345 901 Pyth.
359 859 401 889 iii.
420 862 449 890 6.
474 859 616 889 Occurrit
631 861 726 889 etiarn
743 866 934 890 monometer
949 861 1098 891 iambicus
1111 870 1181 890 curu
1193 860 1324 891 dimetro
1339 861 1504 902 dactylicO,

631 916 722 946 -‘u—
763 917 768 960 Ι
809 916 1024 948 sou-vn?

251 976 303 1006 01.
321 976 351 1006 ii.
367 986 417 1017 ep·
436 980 463 1007 1.
487 976 581 1017 Pyth.
597 977 659 1007 viii.
670 983 728 1013 prr.
742 980 771 1007 4.
811 976 1042 1008 Monoruetrum
1058 983 1161 1009 autem
1176 978 1492 1020 hypercatalecticum
1507 978 1599 1010 modo
1615 978 1714 1020 sequi-

252 1039 302 1066 tur
319 1035 578 1076 penthemimeres
593 1037 794 1078 dactylicum,

632 1093 759 1125 -‘u-u‘
802 1094 807 1137 Ι
848 1094 1114 1131 lov—002

255 1153 349 1186 Nem.
365 1154 386 1184 i.
406 1155 520 1195 stroph.
539 1157 568 1186 Ξ.
586 1158 615 1186 4.
641 1167 668 1185 v.
686 1160 738 1186 str-
755 1157 784 1186 8.
810 1155 918 1186 Isthm.
935 1157 952 1186 i.
970 1161 1021 1186 str.
1038 1158 1067 1187 5.
1091 1155 1131 1186 vi.
1148 1159 1200 1185 str.
1219 1159 1246 1185 1.
1269 1155 1362 1187 modo
1384 1155 1559 1198 dactylicus
1580 1154 1717 1187 trimeter

254 1215 451 1245 catalecticus
466 1215 499 1244 in
515 1215 710 1256 bisyllaburn.
723 1216 845 1253 adjecto
858 1217 980 1251 melico,

547 1272 677 1303 -'v--
717 1272 722 1315 Ι
763 1272 1042 1303 -'uv-vv—-
1082 1273 1088 1315 Ι
1128 1270 1249 1305 [υἷ’.

256 1331 368 1362 Isthm.
384 1332 404 1362 i.
429 1342 480 1373 ep.
499 1336 527 1362 1.
553 1332 592 1361 vi.
619 1338 669 1362 str.
688 1335 739 1362 11.
764 1343 814 1373 ep.
838 1335 867 1363 9.
894 1334 976 1374 quod
999 1343 1097 1374 genus
1121 1331 1338 1373 Hephaestioni
1360 1332 1536 1373 epionicum
1559 1336 1628 1364 est:
1649 1332 1722 1363 vide

257 1401 327 1432 quae
342 1391 474 1421 diximus
489 1391 544 1421 lib.
561 1391 603 1420 iii.
619 1391 660 1420 de
677 1391 781 1421 metris
797 1402 826 1432 p.
843 1394 918 1423 399.
936 1403 997 1434 seq.
1022 1392 1125 1423 Simile
1142 1391 1285 1421 carminis
1299 1402 1407 1433 genus,
1420 1393 1503 1434 quod
1523 1402 1586 1422 una
1600 1396 1723 1422 tantum

260 1449 380 1491 syllaba
393 1450 516 1490 longius
538 1456 595 1484 est,
611 1450 794 1491 Hephaeszio
810 1451 842 1480 in
859 1452 1044 1494 asynarretis
1060 1456 1213 1485 numerat,
1226 1457 1258 1481 et
1273 1449 1475 1482 Pindaricum
1495 1450 1598 1482 vocari
1619 1450 1723 1481 tradit.

261 1510 305 1540 At
319 1509 395 1539 illud
409 1519 509 1550 neque
526 1515 737 1551 asynastetum
754 1516 810 1544 est.
823 1520 935 1553 neque,
947 1518 980 1541 ut
996 1516 1085 1551 putat
1101 1510 1295 1551 HcphaestiO,
1307 1510 1417 1541 ultima
1432 1521 1503 1553 pars
1514 1508 1657 1545 iambica,
1669 1509 1724 1541 sed

262 1569 420 1601 trochaica
434 1575 491 1604 est,
507 1570 565 1600 hac
582 1570 720 1600 ratione:

609 1627 784 1658 υ’-ὐ--
825 1627 830 1669 Ι
871 1626 1152 1656 -'uu-uv--
1194 1625 1199 1668 Ι
1241 1625 1375 1657 ·'v·u

521 1685 549 1719 ἒς
565 1686 618 1715 καὶ
636 1687 734 1719 τυπεὶς
752 1687 832 1725 ἁγνῷ
848 1685 972 1716 πελέκει
988 1685 1090 1716 τέκετο
1104 1687 1215 1723 ξανθὰν
1229 1687 1376 1716 Ἀθάναν.

524 1747 602 1786 σοφοὶ
618 1744 645 1775 δὲ
663 1745 712 1775 καὶ
730 1746 764 1774 arb
777 1744 862 1784 μπὲἒν
878 1745 958 1783 ἄγαν
973 1745 1039 1778 ’ἔπος
1055 1745 1173 1777 αἴνησαν
1188 1744 1345 1788 περισσῶς.

311 1807 457 1849 Denique
472 1807 567 1838 etiam
583 1806 770 1847 dactylicum
785 1805 989 1845 logaoedicmn
1005 1805 1114 1834 iambis
1131 1805 1275 1846 adjunxit
1289 1806 1348 1836 hac
1363 1805 1471 1841 forma,

613 1864 789 1896 ιῙ-ὐ--
828 1862 835 1907 Ι
876 1863 1213 1895 -ἰ.ιυ-ι)υ-υυ

273 1927 323 1958 Ol.
341 1926 379 1957 vi.
397 1929 429 1956 7.

986 2051 1025 2082 X.

830 2128 878 2159 De
899 2129 1022 2160 versibus
1045 2127 1175 2157 Creticis.

323 2206 447 2237 Cretico
462 2207 542 2247 pede
564 2206 742 2247 frequenter
758 2205 855 2235 utitur
870 2204 1032 2240 Pindarus,
1048 2204 1103 2234 sed
1118 2203 1163 2233 ita
1177 2201 1368 2242 plerumque,
1385 2206 1420 2231 ut
1435 2210 1505 2232 eum
1522 2198 1589 2232 aliis
1603 2199 1738 2232 numeris
1778 2225 1783 2226 γ

279 2265 461 2301 immisceat,
474 2266 572 2296 soluta
584 2265 678 2296 etiam
695 2275 778 2296 nunc
793 2264 894 2305 prima.
907 2265 1010 2306 longa,
1022 2273 1106 2294 nunc
1122 2262 1229 2297 altera,
1245 2267 1280 2292 ut
1295 2261 1345 2293 Ol.
1361 2261 1394 2292 ii.
1412 2271 1463 2303 ep.
1479 2263 1512 2293 4·

627 2340 757 2371 --'0-
843 2340 936 2370 -ὐ-
1024 2336 1239 2367 :uun-17

796 2340 804 2426 Ι
909 2338 986 2424 003

282 2447 401 2479 Tamen
416 2446 510 2477 etiam
522 2455 626 2476 versus
641 2445 732 2476 unice
749 2445 868 2475 creticis
883 2448 1027 2475 constans
1042 2440 1184 2474 occurrit,
1200 2440 1288 2481 isque
1304 2438 1445 2475 dimeter,

799 2502 819 2528 .’
844 2516 859 2534 0
880 2523 892 2528 -
933 2501 937 2546 Ι
978 2500 999 2527 -’
1023 2514 1038 2532 v
1058 2520 1071 2526 -

285 2574 346 2606 quo
356 2568 403 2594 ter
419 2573 496 2605 puro
511 2574 584 2594 usus
599 2569 656 2598 est,
671 2563 722 2595 Ol.
736 2574 764 2594 v.
783 2573 833 2604 ep.
848 2565 879 2594 3.
897 2561 991 2603 Pyth.
1005 2561 1045 2592 iv.
1063 2560 1176 2602 stroph.
1196 2563 1246 2593 12·
1269 2571 1300 2591 v.
1317 2569 1365 2602 ep.
1384 2561 1413 2592 9.
1429 2558 1525 2592 seme}
1539 2557 1634 2592 etiam
1647 2559 1745 2592 soluta

288 2624 397 2665 prima,
413 2623 471 2654 hac
487 2622 618 2657 ratione,

724 2680 739 2711 ὁ
763 2692 778 2711 υ
801 2692 844 2713 ν·
884 2679 891 2723 Ι
932 2679 956 2712 ν’
979 2694 994 2712 υ
1015 2699 1028 2707 -

293 2739 387 2773 Nem.
404 2752 434 2773 x.
451 2751 499 2784 ep.
519 2744 548 2772 8.
601 2752 604 2758 ·
