1815 3262
520 556 1132 612 COMMENTATIO

799 737 856 763 DE

359 848 750 934 METRIS
817 873 1294 931 PINDARI.

704 1212 878 1254 PARS
920 1212 953 1250 Ι.

821 1331 848 1365 I.

724 1412 735 1417 ’
759 1409 908 1454 Pmff'atio.

107 1454 225 1515 ETSI
238 1481 435 1515 metricamm
449 1480 746 1514 commentationum
763 1481 967 1512 subtilitatem
983 1492 1045 1512 non
1060 1482 1106 1513 ita
1120 1491 1328 1523 seposueram,
1342 1486 1379 1512 ut
1393 1489 1574 1522 numquam,

103 1541 144 1572 ad
158 1554 228 1574 eam
242 1543 396 1574 rediturus
409 1552 517 1576 essem,
529 1551 594 1571 non
608 1541 772 1581 sperabam
787 1548 891 1570 tamen
908 1542 986 1577 fore,
1002 1548 1037 1572 nt
1053 1548 1116 1572 tam
1131 1542 1217 1572 brevi
1233 1541 1271 1571 ad
1295 1541 1376 1571 hanc
1396 1551 1462 1571 rem
1479 1551 1563 1572 recoq

102 1600 229 1635 leudam
246 1609 340 1644 atque
359 1603 575 1643 integrandam
592 1601 751 1631 excitarer.
796 1599 881 1630 Nam
900 1611 995 1642 quum
1011 1601 1070 1632 hoc
1088 1611 1185 1642 genus
1206 1600 1376 1631 studiorum
1391 1610 1453 1630 non
1470 1600 1564 1629 modo

103 1663 353 1703 operosissimum
363 1672 441 1696 esse,
455 1662 510 1692 sed
526 1670 607 1701 saepe
624 1660 718 1690 etiam
738 1660 831 1690 taedio
846 1660 1006 1690 abundare
1029 1660 1202 1693 sensissem,⁴
1218 1670 1280 1689 non
1297 1659 1386 1688 aliter
1399 1659 1431 1688 in
1447 1668 1484 1689 eo
1501 1658 1565 1688 ela-

105 1721 213 1751 borare
227 1722 457 1754 constitueram,
472 1721 531 1748 uisi
547 1726 580 1748 ut
602 1719 691 1747 metri
706 1718 890 1746 restituendi
913 1718 1068 1746 molestias
1085 1716 1201 1746 criticae
1217 1715 1290 1745 artis
1305 1722 1398 1756 atque
1413 1700 1565 1756 interpre-

103 1780 228 1810 tationis
244 1778 443 1818 jucunditate
458 1777 598 1808 lenirem.
645 1775 803 1806 Mutatum
829 1783 935 1806 tamen
960 1776 1018 1805 hoc
1044 1782 1173 1816 repente
1202 1776 1260 1805 fuit
1282 1774 1455 1810 consilium,
1469 1786 1565 1816 quum

101 1835 199 1868 literae
213 1848 232 1868 a
243 1835 318 1868 Chr.
331 1835 372 1867 G.
387 1835 515 1877 Heynio
533 1835 610 1865 mihi
624 1835 723 1865 allatae
739 1840 822 1868 sunt,
840 1835 939 1875 plenae
958 1834 1162 1864 humanitatis
1187 1844 1221 1864 ac
1246 1833 1482 1870 benevolentiae,
1499 1834 1567 1875 qui-

103 1896 161 1932 bus
181 1896 236 1926 ille
250 1901 370 1937 gratum
385 1896 443 1926 sibi
467 1896 536 1925 sore
556 1895 760 1936 significabat,
775 1894 800 1924 si
820 1904 909 1924 novae
935 1893 1065 1923 editioni
1089 1893 1230 1928 Pindari,-
1243 1903 1336 1934 quarn
1351 1893 1417 1934 ipse
1434 1898 1569 1933 pararet,

102 1954 347 1996 disputationem
368 1955 408 1985 de
431 1954 502 1995 ejus
522 1954 625 1994 po'etae
641 1953 744 1984 metris
758 1952 938 1993 adjicerem.
983 1951 1085 1987 Quam
1107 1952 1166 1983 etsi
1191 1952 1315 1992 plenam
1331 1952 1519 1983 difficultatis
1534 1957 1568 1982 et

59 2035 62 2038 x
103 2014 255 2046 molestia
274 2022 341 2046 esse
366 2014 583 2055 praevidebam,
598 2020 714 2047 tamen,
729 2012 893 2054 quominus
915 2022 983 2042 eam
1007 2011 1040 2041 in
1064 2022 1113 2041 me
1136 2011 1273 2052 recipere
1299 2011 1484 2046 dubitarem,
1499 2016 1566 2040 tum

103 2071 171 2115 ipsa
186 2074 243 2104 viri
256 2074 447 2105 celeberrimi
464 2074 631 2104 honorifica
645 2073 684 2103 de
698 2082 746 2102 me
762 2071 958 2107 existimatio,
973 2078 1039 2102 tum
1055 2071 1234 2101 excolendae
1246 2072 1339 2102 etiam
1355 2070 1566 2112 perficiendae-

104 2143 165 2175 que
180 2131 255 2164 artis
271 2134 406 2165 metricae
426 2134 508 2164 haud
534 2133 610 2164 levis
633 2132 789 2173 cupiditas
809 2131 926 2163 effecit.
969 2131 1053 2161 Nam
1069 2142 1164 2173 quum
1189 2131 1222 2161 in
1248 2131 1334 2161 omni
1356 2130 1493 2161 scientiae
1514 2139 1569 2170 ge-

104 2200 180 2224 nere
202 2193 351 2233 diuturno
377 2204 433 2223 usu
459 2199 552 2234 atque
579 2193 702 2223 assidua
722 2191 944 2222 exercitatione
967 2191 1026 2221 alia
1054 2192 1166 2222 clarius
1196 2191 1339 2232 intelligi,
1366 2191 1427 2221 alia
1456 2189 1567 2221 confir-

106 2254 193 2288 mari,
207 2253 267 2284 alia
281 2253 390 2289 refelli,
405 2260 472 2284 tum
486 2244 567 2284 nova
587 2262 709 2294 quoque
725 2251 873 2281 accedere
888 2261 1014 2281 necesse
1030 2251 1080 2286 sit,
1093 2251 1236 2281 nolebam
1253 2250 1334 2280 hanc
1349 2249 1425 2280 mihi
1449 2237 1566 2290 oppor-

107 2312 275 2352 tunitatem
292 2313 382 2353 eripi,
395 2323 467 2354 qna,
483 2323 552 2354 quae
573 2312 646 2342 olim
667 2313 707 2342 de
732 2310 836 2341 metris
859 2310 1056 2350 scripsissem,
1071 2310 1221 2346 crescenti
1243 2310 1455 2351 exemplorum
1476 2308 1570 2350 copia

107 2371 370 2413 experientiaeque
385 2372 570 2403 tractatione
581 2377 634 2402 aut
647 2370 768 2410 corrigi,
781 2376 833 2400 aut
848 2370 935 2400 novis
944 2369 1143 2400 incrementis
1155 2369 1363 2410 augeri'posse
1379 2369 1568 2399 viderentur.

107 2429 218 2472 Itaque
228 2441 290 2472 quo
304 2431 399 2461 tutius
413 2430 446 2460 in
461 2431 545 2461 omni
555 2431 613 2461 hoc
629 2430 754 2470 negotio
769 2438 917 2464 versarer,
926 2429 1079 2469 principio
1087 2428 1257 2459 Pindarum
1268 2428 1360 2458 celeri
1373 2434 1406 2459 et
1419 2427 1570 2457 subitaria

105 2488 241 2526 lectione
257 2490 383 2532 perlegi,
399 2498 432 2521 ut
446 2491 660 2532 intelligerem,
678 2496 780 2519 utrum
787 2489 888 2519 'certis
899 2489 1084 2529 quibusdam
1095 2488 1199 2518 metris
1215 2487 1348 2517 maxime
1361 2493 1512 2521 uteretur,
1527 2496 1570 2516 an

107 2548 195 2580 nulla
207 2549 286 2590 lege,
301 2549 354 2591 qui
375 2538 488 2591 ubique
511 2551 578 2592 apti
599 2551 787 2586 viderentur,
803 2559 946 2580 numeros
968 2550 1108 2590 fingeret.
1153 2548 1192 2579 Id
1208 2558 1304 2589 quum
1324 2558 1458 2588 agerem,
1472 2547 1570 2578 vehe-
1595 2579 1598 2581 ,

108 2615 230 2639 menter
245 2610 370 2640 miratus
385 2621 462 2646 sum,
477 2610 595 2642 nullum
610 2612 641 2641 in
658 2619 724 2641 toto
740 2610 878 2641 Pindaro
899 2620 1024 2641 carmen
1039 2608 1177 2649 reperiri,
1194 2607 1283 2648 cujus
1296 2613 1462 2649 perspecta
1476 2617 1495 2636 a
1509 2606 1571 2638 cri-

107 2667 178 2705 ticis
192 2678 388 2700 numerorum
404 2670 482 2701 ratio
496 2677 588 2702 esset.
632 2670 725 2706 Quod
739 2680 800 2711 quo
816 2667 934 2700 facilius
949 2675 1054 2700 tamen
1070 2668 1136 2698 fieri
1160 2673 1281 2707 poterat
1303 2667 1336 2695 in
1352 2665 1500 2701 Pindaro,
1516 2666 1572 2707 qui

110 2732 142 2762 et
164 2726 313 2769 integrior
334 2730 432 2760 multo
455 2730 578 2771 tragicis
602 2737 694 2771 atque
710 2729 920 2770 Aristophane
942 2729 981 2758 ad
1005 2736 1109 2759 nostra
1131 2735 1271 2766 tempora
1294 2726 1522 2766 permansisset,
1537 2730 1572 2756 et

109 2793 238 2827 propter
251 2789 542 2830 antistrophicorum
559 2791 695 2821 crebrius
709 2791 889 2820 iteratorum
912 2789 1164 2820 commoditatem
1187 2786 1356 2827 apertiores
1372 2795 1573 2816 numerorum

107 2844 271 2886 juncturas
285 2848 428 2880 haberet:
452 2859 490 2880 eo
505 2850 618 2881 certius
632 2849 706 2881 licet
720 2850 885 2890 conjicere,
901 2855 1024 2892 quantae
1040 2848 1100 2879 sint
1117 2848 1153 2879 iis
1166 2846 1350 2888 superandae
1364 2844 1575 2879 difficultates,
