1815 3262
321 239 629 295 Comment.
657 241 725 294 de
751 237 934 292 metris
960 238 1200 294 Pindari.
1256 241 1319 294 P.
1351 248 1397 293 1.
1508 245 1583 300 37

509 385 796 416 -’νυ-υσ--
835 383 841 426 Ι
877 382 1034 418 :va

92 449 97 453 ’
125 444 233 481 15111111,
250 444 292 475 iii.
310 455 362 486 ep.
382 449 411 477 1.

417 499 1004 544 -'UF—UH:'uv-¹-'UU·

125 562 221 594 Nem.
238 564 280 594 vi.
298 575 348 604 ep.
366 566 398 594 3.
430 563 478 594 Ac
494 562 670 603 logaoedicis
685 571 806 603 quoque
822 561 972 590 trochaeos
988 558 1141 600 adjunxit,
1158 563 1192 588 ut
1207 557 1240 588 in
1256 559 1325 593 hoe,

512 618 790 650 '-·vu-'u-
827 619 834 661 J
878 618 938 649 lu

124 681 175 712 01.
191 681 234 711 ix.
251 691 303 720 ep.
318 683 353 710 4.

167 738 324 769 Caeterum
336 737 420 768 aliud
435 737 592 777 quoddam
608 746 705 778 genus
720 739 940 777 anspaesticum
955 738 1124 772 invenitur,
1141 738 1224 779 quod
1250 737 1371 778 proprie
1394 746 1458 767 non
1474 737 1514 767 ad
1529 737 1583 769 da-

122 797 252 839 ctylicos
266 806 421 830 numeros,
437 807 454 826 e
471 796 582 837 quibus
598 798 746 837 anapaesti
762 804 845 832 sunt,
863 798 915 828 sed
934 799 972 827 ad
990 798 1160 828 trochaicus
1177 796 1373 827 referendum
1393 802 1451 827 est.
1496 795 1584 828 Nihil

122 856 209 887 enim
230 866 301 886 cum
324 856 489 897 ana'paestis
514 866 678 886 commuue
703 857 806 892 haber,
828 863 940 898 praeter
962 842 1135 887 auaerusin.
1173 856 1220 887 Ex
1245 866 1283 886 eo
1307 855 1464 897 geuerehi
1479 865 1584 886 versus

126 921 219 946 sunt:

466 972 652 1015 nze-'151
694 973 974 1005 suu-vv·—

124 1031 222 1076 Pyth.
237 1033 278 1064 ix.
291 1033 409 1074 stmph.
427 1036 455 1063 1.
471 1035 502 1063 3.

457 1090 598 1122 νυ-’ν
636 1090 643 1134 Ι
684 1090 816 1122 lvo·
857 1089 863 1132 Ι
903 1091 1097 1126 lto-vj:

127 1151 179 1183 Ol.
194 1151 216 1182 i.
231 1162 284 1193 ep.
300 1154 332 1183 7.

641 1223 659 1242 u
680 1223 697 1241 υ
718 1209 740 1236 -’
761 1223 778 1241 υ
801 1229 814 1236 ·
1127 1207 1140 1234 i

125 1270 176 1301 01.
192 1271 214 1301 i.
229 1281 280 1313 ep.
298 1274 329 1304 2.

807 1373 898 1405 Xl'V.

646 1449 693 1480 De
715 1451 838 1481 versibus
857 1450 1062 1481 chor-urmbicis.

169 1525 393 1559 choriambicis
407 1525 556 1560 versibus,
571 1526 654 1567 quod
669 1526 778 1556 merito
795 1527 914 1562 mirere,
930 1527 1081 1558 rarissime
1097 1538 1168 1558 usus
1182 1534 1229 1558 est
1240 1527 1402 1558 Pindarus.
1425 1527 1508 1558 Nam
1523 1527 1582 1560 nisi

125 1588 208 1630 quod
223 1588 433 1618 choriambum
454 1586 610 1616 interdum
626 1586 693 1616 aliis
709 1586 844 1616 numeris
858 1586 1072 1622 intermiscuit,
1087 1587 1153 1618 haec
1169 1594 1290 1618 tantum
1306 1587 1466 1618 observavi
1480 1597 1581 1619 exem-

127 1646 190 1689 pla,
204 1647 238 1677 in
248 1647 360 1688 quibus
375 1656 430 1687 pes
444 1645 496 1676 ille
512 1655 625 1676 nomen
642 1645 741 1676 facere
758 1646 989 1693 xersuifossit:

557 1701 580 1728 .’
602 1716 618 1733 u
642 1715 658 1732 υ
679 1722 691 1728 -
731 1701 738 1744 1
778 1701 798 1727 -’
822 1716 838 1732 u
859 1722 872 1728 -
919 1691 923 1694 ’

127 1763 221 1795 Nem.
236 1764 277 1794 xi.
292 1763 411 1804 stroph.
429 1764 460 1793 '7-
478 1773 527 1803 ep.
544 1765 576 1792 7.

556 1846 611 1867 ·ν“
699 1834 834 1866 luu-

691 1894 737 1909 υυ

80 1936 86 1937 7
126 1940 222 1984 Pyth.
237 1940 291 1971 vii·
305 1950 358 1982 ep.
378 1944 404 1971 1.
422 1944 449 1971 2.
474 1940 514 1970 xi.
532 1940 647 1981 stroph-
665 1942 693 1971 6.
718 1940 828 1969 Isthm.
845 1938 896 1968 vii.
913 1948 964 1979 ep.
983 1941 1014 1969 7.
1038 1939 1102 1970 viii.
1121 1942 1151 1971 8.
1170 1943 1199 1971 9.
1218 1942 1266 1972 10.
1283 1945 1332 1972 11.

419 1996 1064 2041 -Ι-ὐν--ὐν-υ-]-’μ-

127 2059 179 2091 01.
196 2071 227 2090 v.
243 2065 297 2090 str.
313 2062 341 2089 1.
358 2063 390 2089 et
405 2057 553 2099 adjuncto
568 2057 751 2088 dochmiaco
765 2057 1055 2099 hypercatalectico,

613 2124 746 2155 suu·
787 2125 792 2166 Ι
834 2126 1049 2158 υ-’ἕν-ιι

785 2168 892 2210 ‘Uo

468 2135 526 2157 -ιΐ

129 2240 236 2271 Isthm.
252 2239 318 2270 viii.
333 2240 384 2271 12.
421 2238 567 2280 Denique
589 2238 673 2269 aliud
698 2250 804 2279 genus,
828 2250 846 2270 a
868 2240 992 2280 tragicis
1013 2250 1134 2282 quoque
1157 2235 1340 2277 adhibitum,
1354 2244 1524 2284 usurpavit,
1538 2245 1579 2275 de

127 2310 188 2342 quo
209 2298 342 2329 diximus
361 2298 416 2328 lib.
432 2298 465 2328 ii.
480 2300 520 2328 de
537 2299 640 2329 metris
656 2309 684 2339 p.
703 2301 773 2330 240.
812 2297 850 2328 Id
874 2309 890 2328 e
908 2299 981 2333 basi,
999 2300 1027 2329 in
1053 2309 1112 2340 qua
1135 2299 1304 2339 promiscue
1319 2301 1501 2341 spondeum,
1517 2308 1580 2332 tm-

126 2359 257 2392 chaeum.
272 2363 363 2399 atque
377 2358 513 2387 iambum
530 2357 641 2398 posuit,
660 2364 691 2387 et
707 2358 849 2392 tumbam,
860 2368 951 2398 quem
962 2359 1054 2388 eriam
1069 2369 1139 2390 cum
1153 2360 1292 2400 spondeo
1303 2366 1335 2391 et
1345 2361 1499 2393 tribracho
1512 2373 1579 2404 per-

127 2417 268 2452 mutavit,
282 2427 318 2447 ac
333 2417 510 2448 choriambo
527 2416 732 2456 compositum
749 2423 804 2451 est,
820 2416 877 2447 hac
894 2417 999 2452 forma,

470 2473 913 2559 -3*--'175-'uu-

471 2534 489 2548 υ
505 2535 532 2540 -“
621 2534 660 2547 νυ

127 2579 222 2621 Pyth.
237 2577 278 2608 xi.
294 2577 412 2618 stroph.
428 2580 459 2607 7.
484 2576 576 2607 Nem.
593 2577 633 2606 iv.
648 2577 765 2618 sti-oph.
784 2580 814 2608 8.
835 2581 883 2610 10.
907 2579 947 2609 vi.
964 2580 1078 2621 stroph.
1096 2582 1128 2610 4.
1153 2579 1259 2610 Isthm.
1276 2580 1338 2611 viii.
1354 2583 1386 2612 3.
1405 2585 1433 2613 6.

819 2671 890 2702 XV.

610 2744 657 2776 De
678 2746 802 2778 versibus
823 2747 928 2779 Ionicis
949 2760 966 2779 α
987 2751 1104 2780 minore.

167 2825 285 2858 versus
303 2824 403 2857 Ionici
425 2834 444 2855 a
465 2824 593 2860 minore,
608 2824 660 2867 qui
675 2825 758 2867 apud
774 2825 944 2858 Pindarum
967 2833 1140 2862 occurrunt,
1158 2836 1218 2857 uno
1235 2831 1355 2857 tantum
1370 2826 1452 2867 pede
1467 2826 1576 2861 Ionico
