1815 3262
685 165 750 216 M
755 165 936 216 ctriea.
1530 169 1595 218 15

154 334 232 360 και
270 312 340 359 ἐτι-ι
378 330 467 358 των
492 309 611 371 ἑξῆς,
636 308 765 366 πλὴν
802 313 878 354 τοῦ
914 305 978 353 ιδ’.
1034 307 1168 353 ἐκεῖνο
1202 306 1307 372 γὰρ,
1332 309 1593 371 μονόςροῲομ

150 399 212 437 ον,
240 380 449 439 ἐνηλλαγι
479 397 571 434 ενην
594 375 674 442 ἔχε
659 396 692 421 ι
720 373 800 433 τὴν
825 371 1108 438 ἀντιςοοῲήν.

582 543 694 610 Πεοὶ
720 547 800 601 τῆς
828 541 994 608 ἐπῳδοῦ
1022 540 1169 586 αὐτοῦ.

219 663 281 708 Ἡ
306 661 349 707 δὲ
375 660 540 725 ἐτι-(υυος
562 659 642 723 ἔχε
648 681 659 706 ι
687 665 820 706 κωλα
836 658 907 721 ιγ’.
978 656 1088 705 To'
1063 679 1094 704 α
1114 678 1162 703 εκ
1183 655 1383 714 παίωνος
1402 656 1595 723 ὃευτέξου·

155 748 253 775 και·
249 726 470 790 -ἶαμὲικῆς
495 725 710 786 συζυγιας
731 747 807 772 και
842 724 1078 782 συλλαὲἤς
1115 723 1239 769 κατὰ
1276 723 1594 771 ἀντιπαὲειαν.

153 792 221 848 ἐ’ςι
248 793 291 839 δὲ
317 793 515 883 δίμετρον
541 797 619 838 ὑπε
624 792 961 857 οκατά7ηκτον,
986 813 1008 836 υ
1033 821 1051 827 -
1074 811 1096 836 υ
1121 811 1143 835 υ
1167 810 1190 835 υ
1210 820 1227 826 -
1253 811 1275 835 υ
1301 821 1334 835 -.
1405 790 1467 836 Τὸ
1507 790 1596 837 δευ-

155 880 291 924 τεοον,
317 858 561 922 ἶαμεικον
545 879 609 904 1155
594 862 811 922 -νὲδημιμε
795 880 859 924 ³3³
850 859 900 914 '9'
939 855 1065 914 πλὴν
1091 861 1109 902 ὁ
1135 861 1322 921 τσοῶτος
1346 855 1597 920 τοισυλλα-

156 909 294 981 ςὀς,υ
272 946 341 971 υυ
365 956 382 962 -
408 947 430 971 ‘J
455 954 475 960 -
500 957 532 970 -.
604 926 666 971 Ἱο
704 927 744 986 γ’
781 927 862 987 ἰαυ.
868 923 1031 970 ςικον
1010 922 1222 987 ὸίμετρον,
1249 921 1592 979 ἀκατάληκτον.

153 991 251 1055 ἔχει
273 992 317 1038 δὲ
335 1012 412 1037 και
435 1003 630 1039 τοισυλ7
634 990 743 1047 (Ze-⁴9
762 990 924 1046 πόδας,
946 1012 968 1035 υ
993 1021 1010 1026 -
1034 1010 1055 1035 υ
1080 1020 1097 1026 -
1121 1010 1143 1034 υ
1168 1019 1185 1025 -
1210 1009 1233 1034 υ
1259 1009 1281 1033 υ
1305 1010 1326 1034 υ
1351 1008 1374 1033 υ
1398 1018 1415 1024 -
1480 989 1582 1035 Tb«)
1563 989 1595 1005 NJ

156 1057 397 1120 ἶαμὲικὰ
371 1057 443 1119 ρυο
466 1059 792 1122 wsfflmmpwij
815 1077 892 1103 και
920 1054 1145 1112 συλλαὲή·
1185 1074 1252 1108 εςι
1279 1054 1321 1100 ’δὲ
1347 1058 1367 1100 ὁ
1395 1059 1594 1117 πρῶτος,

156 1144 399 1189 τςιςιαχυς
414 1128 611 1203 χορεῖος,
638 1145 659 1169 υ
684 1145 706 1169 υ
731 1145 753 1169 υ
777 1144 799 1169 υ
824 1154 842 1160 -
866 1144 888 1168 υ
920 1153 937 1159 -
962 1153 979 1159 -
1005 1143 1027 1168 υ
1052 1153 1069 1158 -
1092 1142 1115 1167 υ
1139 1152 1171 1166 -.
1240 1121 1303 1167 Το
1340 1118 1371 1166 5'
1403 1141 1598 1167 παιωνι-

157 1211 230 1238 κον
255 1193 303 1237 ἐκ
327 1188 528 1247 παίωνος
552 1190 745 1255 δευτέοου
772 1189 849 1236 καὶ
876 1188 967 1249 ἐξ’
953 1186 1176 1253 επιτρίτου
1201 1185 1349 1251 τρίτου
1375 1207 1452 1233 και
1478 1188 1596 1242 βακ-

155 1256 295 1322 χείου.
353 1257 437 1306 εἱσι
464 1257 506 1302 δε
531 1261 567 1303 οἳ
605 1262 790 1302 τοιοῦτοι
824 1255 962 1311 πόδες
997 1256 1144 1301 οἰκεῖοι
1170 1257 1262 1310 τοῖς
1284 1251 1508 1310 παίωσιν,
1534 1275 1556 1299 υ
1581 1285 1598 1291 -

156 1344 179 1370 υ
204 1344 226 1369 υ
250 1354 267 1360 -
291 1354 309 1360 -
328 1345 350 1369 υ
375 1354 392 1360 —
415 1344 438 1368 υ
462 1354 480 1360 -
503 1355 536 1368 -.
606 1323 669 1370 Τὸ
695 1321 734 1377 ς’
768 1323 849 1369 ἀντ
855 1340 1094 1376 ισπαςικον
1136 1319 1317 1382 συνάμα
1365 1318 1598 1382 ἶαμςικαις

157 1389 390 1450 συζυγίαις
412 1389 611 1446 οἰκείαις,
637 1387 866 1454 τρῖμετοον
890 1410 912 1434 υ
936 1419 953 1425 -
977 1419 994 1425 -
1019 1409 1041 1433 υ
1065 1408 1088 1433 υ
1112 1418 1130 1424 -
1155 1408 1177 1432 υ
1202 1417 1219 1423 -
1244 1406 1266 1431 υ
1290 1417 1307 1422 -
1331 1406 1353 1432 υ
1375 1416 1407 1432 -.
1476 1386 1538 1432 Τὸ
1565 1385 1601 1448 ξ’

134 1456 326 1502 ’ἷωνικον
354 1457 441 1502 ἀπο
474 1454 670 1521 μειζονος
707 1454 905 1537 διμετρον
942 1452 1358 1533 ὑπερκατάληκτον.
1413 1451 1510 1517 ἐ’χει
1554 1452 1598 1499 δε

157 1520 236 1579 τὴν
275 1522 476 1587 ὀξυτέραν
514 1520 760 1604 τςοχαικὴν
798 1520 1029 1582 συζυγίαν,
1068 1518 1232 1565 οἰκειαν
1269 1539 1362 1574 τοις
1392 1520 1597 1576 ιωνικοῖς,

158 1618 175 1624 -
200 1619 217 1625 -
243 1609 265 1634 υ
291 1609 313 1633 υ
338 1619 355 1624 -
381 1609 404 1633 υ
427 1619 445 1624 -
469 1609 491 1633 υ
516 1619 548 1634 -.
618 1588 680 1633 Το
705 1587 742 1644 η’
746 1623 758 1643 ,
785 1587 990 1650 ιαμέικον
1014 1585 1221 1665 διμετρον
1234 1583 1597 1665 βοαχυκατάλη-

158 1674 262 1700 κτον
345 1682 364 1688 -
390 1675 413 1700 υ
437 1685 454 1690 -
480 1675 502 1699 υ
526 1685 543 1691 -
628 1654 692 1700 To
732 1654 781 1698 θ’
814 1654 984 1699 ιωνικὸν
1021 1652 1108 1697 ἀπὸ
1144 1649 1354 1711 μείζονος,
1399 1649 1598 1714 δίμετρον

154 1719 646 1799 βραχυκατάληκτον,
644 1748 661 1754 -
685 1748 703 1754 -
727 1738 750 1762 υ
773 1738 796 1762 υ
820 1747 837 1753 -
862 1747 893 1762 -.
962 1716 1026 1761 Τὸ
1051 1714 1236 1760 δέκατον
1257 1714 1503 1776 ιαμὲικον
1481 1731 1599 1779 οιμε-

155 1803 254 1866 τςον
293 1783 634 1840 ἀκατάληκτον,
677 1781 910 1845 λεγόμενον
949 1779 1314 1845 Ἀνακοεόντειον.
1375 1780 1464 1828 ὅλα
1510 1783 1597 1849 γὰο

154 1849 352 1920 ᾅσματα
379 1849 506 1931 oua-(53
538 1869 684 1933 τουτῳ
709 1853 779 1914 τῷ
814 1847 966 1913 μέτοῳ
1003 1846 1330 1904 συνετέὲησαν,
1356 1875 1376 1881 -
1401 1877 1418 1884 ·
1443 1869 1466 1893 υ
1491 1878 1507 1884 -
1533 1870 1555 1894 υ
1581 1880 1599 1886 -

156 1937 178 1962 υ
202 1947 234 1962 -.
302 1916 365 1963 Το
406 1914 478 1973 ια’,
507 1936 674 1962 ιωνικον
705 1900 910 1978 δίμετρον
928 1912 1256 1971 ἀκατάληκτον
1281 1913 1368 1959 ἀπο
1405 1913 1599 1976 μείζονος

153 1982 591 2047 ωαοατετηρημένον.
629 1980 825 2046 ἄρχεται
842 1981 930 2046 γὰρ
947 1981 1034 2026 ἀπο
1051 1978 1292 2064 βραχείας,
1306 2000 1366 2035 ως
1382 1979 1597 2041 γινεσθαι

156 2070 207 2096 το
240 2054 422 2096 ωοῶτον
459 2048 500 2104 β’
533 2047 736 2104 παίωνα,
759 2069 780 2093 υ
806 2079 822 2084 -
847 2069 868 2093 υ
893 2069 915 2093 υ
941 2078 958 2083 -
982 2077 999 2084 -
1025 2067 1046 2092 υ
1071 2067 1109 2092 υ.
1224 2044 1342 2101 οιβ’
1372 2047 1599 2095 ἐπιωνικον

154 2115 229 2162 διὰ
251 2136 324 2162 τον
347 2121 542 2198 πρῶτον
554 2114 849 2172 ἀντίσπαςον,
875 2134 950 2159 ουκ
975 2115 1128 2164 οἰκεῖον
1152 2110 1260 2158 ὄντα
1293 2116 1384 2169 τοῖς
1410 2133 1599 2172 ιωνικοις

156 2201 234 2229 και
261 2202 353 2238 τοις
376 2180 618 2247 τροχαίοις,
644 2181 774 2228 ἀλλα
798 2201 891 2237 τοις
915 2178 1103 2242 ιάμὲοις.
1156 2178 1229 2224 διὰ
1253 2198 1380 2225 τουτο
1403 2180 1490 2245 γὰρ
1517 2202 1595 2228 και

156 2269 231 2294 ουκ
258 2268 441 2306 ιωνικον,
467 2250 575 2294 ἀλλ’
601 2267 827 2294 επιωνικον
851 2246 1054 2307 λέγεται.
1109 2244 1192 2291 εἶ
1171 2246 1214 2290 οε
1246 2265 1322 2291 και
1350 2246 1598 2311 τροχαικὴν

156 2313 237 2372 τὴν
260 2314 550 2362 κατακλειδα
580 2313 695 2380 ἔχει,
723 2335 766 2360 ου
806 2312 938 2373 ξένον.
995 2316 1031 2358 οἱ
1065 2311 1154 2374 γὰρ
1189 2315 1409 2377 τροχαῖοι,
1444 2333 1595 2360 οικειοι

156 2385 228 2447 τῷ
246 2382 428 2446 ιωνικῷ,
449 2402 472 2426 υ
497 2412 514 2418 -
539 2412 556 2418 -
582 2402 603 2426 υ
628 2411 646 2417 -
670 2413 688 2419 -
713 2401 735 2426 υ
760 2401 782 2425 υ
807 2409 825 2416 -
850 2401 871 2425 υ
896 2410 929 2424 -.
999 2379 1063 2425 Το
1089 2398 1134 2438 ιγ
1140 2377 1501 2461 ’χοῗιαμςικον
1480 2378 1598 2448 οίμε-

157 2467 271 2513 τοον,
299 2446 654 2505 καταληκτικὸν’
693 2445 791 2511 ἔχει
818 2446 906 2509 γὰρ
941 2446 1162 2510 βακχεῖον
1187 2464 1265 2502 την
1289 2447 1596 2503 κατακλειδα,

156 2512 322 2560 οικείαν
367 2512 541 2576 ἰάμὲοις
582 2533 659 2560 και
701 2511 978 2595 χοοιάμὲοις,
1004 2542 1022 2548 -
1045 2532 1068 2557 υ
1093 2531 1115 2556 υ
1139 2541 1157 2547 -
1180 2531 1203 2557 υ
1226 2539 1245 2546 -
1270 2541 1303 2556 -.
1373 2511 1480 2557 Ἐπι
1527 2517 1598 2578 τῷ

156 2579 278 2627 τέλει
321 2578 486 2637 ἑκάςης
523 2579 689 2645 ἐπῳὸοῦ
726 2578 941 2644 κοοωνίς-
950 2596 979 2628 3·
1019 2577 1088 2624 ἐπι
1127 2576 1171 2623 δὲ
1213 2580 1294 2635 τῆς
1327 2564 1597 2635 τελευταίας

157 2645 350 2727 ἐπῳδοῢ,
366 2644 465 2704 ἤτοι
504 2646 574 2693 ἐπι
608 2664 783 2702 παντος
819 2651 893 2691 τοῦ
928 2642 1158 2709 ἅσματος,
1195 2643 1321 2707 μόνος
1356 2641 1596 2708 &geete-neg

156 2720 201 2764 -ῐς-
206 2712 290 2771 ,ὃς
312 2712 453 2771 δηλοῖ,
477 2733 539 2770 ως
563 2733 612 2759 το
635 2710 772 2777 ἀσμα
795 2711 1033 2764 τετέλεςαι
1053 2709 1091 2756 ¹⁴.

198 2845 216 2867 Β
239 2845 312 2877 Non
334 2846 426 2876 modo
448 2845 598 2878 Scholia
591 2856 623 2876 m
640 2844 789 2897 Olympia
810 2850 915 2876 vetera
937 2846 1100 2881 habentur,
1124 2843 1235 2887 quibus
1257 2843 1413 2883 praefixum
1439 2844 1501 2885 (ed
1518 2844 1597 2877 Can.

155 2888 254 2931 Ox.:)
296 2888 449 2928 Ἐξῆγησι·
474 2895 578 2920 παλαι
571 2889 601 2920 ιὰ
623 2889 707 2920 πάνυ
727 2888 881 2929 ὠφέλιμος·
909 2899 1012 2922 verum
1034 2889 1128 2921 etiam
1157 2889 1197 2920 ad
1219 2888 1335 2920 calcem
1356 2887 1456 2935 <plag-
1480 2889 1521 2921 Κ.
1544 2892 1596 2922 ed.
