1815 3262
123 287 336 342 Comm.
358 287 427 340 de
447 285 627 339 metris
649 284 807 337 Pind.
835 283 896 336 P.
925 301 998 336 11.
1027 285 1215 338 Isthm.
1239 288 1310 339 iii.
1333 289 1400 339 iv.
1432 294 1537 349 117

94 435 183 466 tium.
228 435 426 476 Quapropter
446 433 549 475 aliqua
568 431 786 473 investiganda
802 431 878 461 ratio
893 437 951 465 est,
965 428 990 460 si
1005 439 1073 471 quae
1094 429 1164 465 siut,
1179 439 1247 471 quae
1268 430 1326 461 ista
1347 431 1485 462 carmina
1505 434 1540 465 in

95 504 191 525 unum
206 494 353 536 conjungi
368 494 561 535 prohibeant,
576 492 652 524 solvi
667 500 760 533 atque
773 490 918 532 componi
932 491 1062 531 possint.
1107 489 1215 532 anue
1231 490 1385 521 subtiliter
1399 493 1543 532 exposuit

94 554 247 597 Heynius.
290 553 370 584 Sunt
384 560 486 584 autern
502 553 579 588 haec,
601 551 742 593 primum,
757 551 839 592 quod
855 550 895 581 iv.
911 552 1028 582 6—10.
1044 550 1248 591 importunius
1262 556 1451 592 repetantur,
1471 561 1543 592 quo

92 614 127 645 in
141 615 242 656 epodo
263 614 346 645 tertii
367 613 512 644 carminis
531 613 615 643 dicta
639 616 747 650 erant3
768 611 893 645 deinde,
908 611 990 652 quod
1013 610 1045 640 in
1067 610 1160 640 tertio
1181 610 1318 641 carmine
1334 611 1493 652 equestris,
1508 610 1543 642 in

93 679 202 714 quarto
217 673 369 715 pancratii
383 672 511 703 victoria
525 673 666 702 laudetur
679 682 688 702 z
708 671 854 712 denique,
869 671 952 712 quod
968 680 1035 711 quae
1050 670 1083 700 in
1099 676 1207 711 quarto
1223 670 1356 700 carmine
1373 671 1545 702 celebratur

92 733 231 769 victoria,
243 730 324 774 prior
336 732 428 762 fuerit
438 742 485 765 ea,
497 733 537 762 de
552 743 612 772 qua
624 733 655 762 in
668 731 758 762 tertio
771 732 864 772 poeta
875 731 948 771 agit.
974 729 1022 760 Ex
1032 730 1080 760 his
1094 730 1226 771 primum
1236 737 1453 770 argumentum
1461 730 1546 772 ejus·

94 793 178 823 modi
189 797 245 826 eat.
261 797 296 822 ut
310 791 405 822 solum
422 802 477 832 per
491 802 523 822 se
537 801 644 832 parum
655 792 694 821 ad
710 801 773 821 rem
789 791 993 821 dirimendam
1009 790 1155 820 idoneum
1171 790 1221 820 sit.
1262 789 1345 820 Nam
1361 790 1386 820 si
1397 791 1547 832 languida

92 857 141 882 eet
153 857 186 882 et
199 851 311 892 frigida
324 852 384 882 ista
399 852 552 893 repetitio,
568 853 649 893 quod
667 853 771 893 negari
787 862 850 882 non
868 856 986 893 potest:
1004 857 1035 881 at
1051 851 1110 880 alia
1126 855 1196 880 sunt
1211 850 1243 880 in
1255 850 1392 880 Pindaro
1407 861 1474 892 quae
1488 861 1546 882 ne-

91 910 155 942 scio
166 922 206 942 an
219 912 316 953 magis
325 912 417 942 etiam
429 913 569 953 frigeant.
595 912 655 943 Hic
667 912 802 954 quidem,
813 922 873 953 quo
883 912 991 941 melius
1003 912 1041 942 ad
1055 911 1115 941 alia
1127 912 1255 942 transire
1267 918 1380 953 posset,
1390 913 1544 943 adductus

93 971 163 1006 suit,
176 977 210 1003 ut
221 972 324 1013 paullo
337 979 408 1003 ante
424 973 507 1003 dicta
523 979 689 1014 repeteret.
735 971 784 1002 Ita
800 971 893 1002 Nem.
907 970 945 1000 vi.
961 973 1010 1001 57.
1028 970 1120 1011 plane
1133 977 1167 1000 ut
1182 971 1231 1001 hic
1243 970 1275 1000 in
1291 971 1390 1012 quarti
1401 971 1545 1002 carminis

92 1032 255 1074 principio,
265 1034 426 1067 πλιτεῖαι,
442 1033 552 1074 inquit,
566 1032 719 1062 παντὸθεν
732 1030 868 1070 λογίοισιν
882 1030 936 1060 ἐπὶ
952 1028 1086 1072 πρὸιοδοι
1099 1031 1178 1059 νᾶσον
1193 1029 1300 1060 εὐκλέα
1313 1029 1396 1060 τάνδε
1411 1033 1526 1070 torpa?-
1536 1043 1546 1062 z

93 1101 185 1133 quarn
196 1093 383 1123 sententiam
394 1093 487 1124 etiam
500 1101 571 1123 ante
584 1100 727 1134 posuerat
739 1104 769 1121 v.
781 1095 833 1124 55.
858 1090 1002 1121 Similiter
1014 1089 1106 1120 etiam
1120 1090 1153 1119 iu
1166 1090 1261 1131 Pyth.
1272 1102 1302 1120 v.
1317 1092 1441 1132 stropha
1452 1097 1545 1133 atque

95 1152 287 1194 antistropha
302 1152 399 1194 prima
415 1153 616 1194 repetitiones
627 1153 768 1194 quaedam
785 1152 886 1181 minus
901 1149 1081 1179 necessariae
1097 1155 1274 1179 occurrunt.
1284 1150 1445 1185 ‘Deinde
1461 1151 1547 1192 quod

93 1210 128 1242 in
146 1211 237 1242 tertio
249 1212 384 1242 carmine
399 1212 548 1253 equestris
562 1213 689 1243 victoria
711 1212 893 1246 celebretur,
908 1210 940 1239 id
955 1209 1091 1250 quidem,
1108 1215 1142 1240 ut
1164 1210 1231 1251 ipse
1254 1209 1398 1252 Heynius
1420 1210 1546 1247 fatetur,

95 1279 160 1300 non
175 1281 316 1312 magnam
332 1268 393 1301 rim
405 1271 510 1302 habet.
543 1271 625 1302 Nam
641 1272 734 1302 verba
748 1269 925 1314 ἱπποδρομίᾳ
942 1265 1071 1313 xgoe‘rfm
1087 1282 1114 1300 v.
1132 1274 1181 1302 21.
1199 1271 1238 1300 ad
1255 1269 1434 1300 Nemeaeam
1448 1271 1545 1301 victo-

96 1330 172 1360 riam
187 1337 338 1371 spectant‚
352 1341 414 1361 non
430 1331 468 1361 ad
485 1330 655 1366 Isthmiam,
671 1342 738 1373 quae
753 1341 814 1373 quo
827 1333 1003 1362 certaminis
1023 1341 1136 1372 genere
1158 1337 1247 1372 parta
1261 1331 1310 1366 sit,
1325 1331 1357 1361 in
1373 1332 1464 1361 tertio
1476 1331 1545 1373 qui·

96 1390 169 1419 dem
192 1390 326 1420 carmine
349 1399 497 1431 nusquam
521 1390 683 1420 indicatur.
727 1390 834 1432 Longe
858 1391 979 1433 gravius
1002 1401 1074 1421 vero
1097 1392 1220 1421 tertium
1246 1398 1458 1432 argumentum
1478 1397 1544 1422 est:

96 1446 258 1480 Isthmiam
270 1450 438 1484 victoriam.
449 1450 489 1481 de
501 1461 562 1492 qua
573 1458 712 1492 quartum
728 1462 851 1482 carmen
863 1452 935 1493 agit,
947 1452 1077 1493 primam
1091 1451 1198 1486 videri,
1213 1457 1276 1481 tum
1293 1457 1418 1492 propter
1430 1464 1456 1482 v.
1466 1455 1498 1482 4.
1511 1457 1545 1483 et

97 1509 151 1539 36.
168 1508 201 1538 in
216 1519 277 1550 quo
292 1520 330 1540 ea
343 1509 450 1540 laudes
471 1510 572 1551 gentis
587 1510 706 1541 Melissi
721 1512 808 1552 quasi
823 1522 840 1542 e
857 1522 962 1542 somno
979 1512 1124 1542 suscitare
1140 1512 1271 1546 dicatur,
1287 1517 1351 1542 tum
1374 1512 1456 1552 quod
1478 1511 1544 1542 Ne-

95 1577 211 1604 meaeae,
226 1570 265 1600 de
281 1580 342 1611 qua
361 1569 394 1600 in
417 1570 508 1600 tertio
531 1577 588 1606 est,
604 1571 687 1601 nulla
702 1571 817 1602 mentio
833 1572 896 1602 fiat.
942 1570 985 1600 At
1001 1572 1081 1601 hanc
1095 1571 1306 1601 difficultatem
1322 1571 1482 1602 commoda
1496 1571 1544 1601 in-

97 1630 317 1668 tei-pretatione
333 1630 497 1671 explanare
511 1631 594 1660 licet.
642 1630 723 1661 Nam
739 1631 923 1673 principium
939 1631 1065 1673 quidem
1081 1631 1181 1672 quarti
1196 1631 1348 1666 carminis,

438 1723 486 1757 ἷςῖ
494 1737 543 1763 μοι
557 1724 630 1754 θεαῖν
643 1723 731 1754 ἕκατι

436 1783 527 1825 μνεία
541 1785 641 1813 merri
656 1784 807 1821 nilevSos,

436 1840 459 1872 ὖ
474 1842 606 1877 Μέλιττ’,
618 1842 803 1882 εὗμαχινιάν
817 1843 876 1885 γὰρ
887 1841 994 1881 ’ἔφανας
1005 1841 1159 1881 ’Ῑο-θμῖαις,

437 1901 576 1945 ὑμετέρας
592 1902 698 1945 ἀρετὰς
715 1901 791 1942 ἕμνῳ
806 1901 921 1938 Edatur,

834 1952 851 1961 x

91 1997 128 2028 id
149 1995 192 2029 sic
207 2003 255 2028 est
267 1996 521 2039 intelligendum:
544 2009 606 2028 non
623 1998 711 2028 deest
733 1997 809 2027 mihi
833 1997 961 2028 materia
984 1998 1120 2033 laudum,
1136 1996 1249 2039 quibus
1263 1996 1396 2038 majores
1411 2003 1480 2029 tuos
1495 2009 1543 2029 or-

94 2066 176 2088 nem.
220 2055 350 2088 Isthmia
371 2057 455 2087 enim
478 2064 532 2087 tua
553 2058 691 2092 victoria,
706 2068 774 2099 quae
790 2058 873 2088 hunc
889 2068 906 2086 a
921 2067 969 2087 me
986 2058 1133 2098 hymnum
1157 2057 1264 2098 exigit,
1279 2057 1544 2098 opportunitatem

94 2116 198 2151 affert.
242 2115 320 2153 Quae
342 2124 445 2148 autem
468 2117 543 2148 inde
559 2128 576 2148 a
594 2129 622 2147 v.
639 2120 689 2149 3⁶2.
706 2118 792 2152 dicit,
811 2118 868 2148 hac
889 2117 1009 2147 Melissi
1025 2117 1151 2147 victoria
1172 2117 1279 2147 laudes
1303 2117 1453 2158 majorum
1475 2117 1544 2158 ejus

95 2175 180 2207 velut
194 2186 212 2207 e
227 2187 342 2208 sommo
352 2178 501 2213 suscitari,
511 2188 574 2208 non
587 2184 658 2208 sunt
673 2189 710 2209 eo
725 2179 887 2214 trahenda,
896 2185 930 2208 ut
946 2177 1125 2207 intermissa:
1138 2176 1326 2218 aliquamdiu
1337 2177 1459 2207 virtutis
1473 2187 1543 2208 earn

96 2236 254 2267 victoriam
270 2248 383 2268 novum
399 2238 554 2279 quoddam
569 2239 789 2269 documentum
805 2238 956 2268 exstitisse
977 2248 1166 2272 censeamuS‚
1185 2238 1240 2268 sed
1261 2239 1300 2268 ad
1327 2238 1471 2269 carminis
1494 2239 1543 2271 in-

97 2297 302 2336 petmtionem
320 2298 426 2328 referri
440 2298 567 2329 debent.
610 2297 815 2334 Quantumvis
837 2298 920 2328 enini
935 2297 1074 2338 egregias
1088 2297 1197 2339 aliquis
1211 2297 1355 2328 victorias
1369 2298 1543 2336 reportarit,

95 2356 252 2388 obscurari
266 2367 371 2389 earum
386 2358 564 2388 memoriam
580 2368 704 2389 necesse
720 2363 776 2392 est,
792 2356 849 2388 nisi
862 2358 1048 2388 carminibus
1063 2358 1102 2387 ad
1118 2357 1330 2398 posteritatem
1345 2357 1542 2398 perveniant.

98 2417 168 2448 Hoc
183 2427 256 2458 ergo
269 2417 362 2448 dicit:
377 2417 459 2447 fama
470 2417 570 2459 gentis
585 2425 644 2448 tuae
657 2427 750 2451 nunc,
766 2428 860 2458 quum
877 2422 1000 2458 propter
1012 2415 1172 2447 Isthmiam
1188 2417 1344 2447 victoriam
1359 2417 1443 2447 hunc
1458 2427 1478 2447 a
1492 2427 1541 2447 me

98 2476 250 2518 hymnum
264 2474 372 2507 nactus
387 2487 430 2513 es,
444 2477 540 2508 veluti
555 2487 572 2507 e
588 2488 695 2507 somno
711 2477 928 2518 expergefacta
944 2476 1096 2517 splendet.
1141 2476 1255 2507 Omnia
1270 2477 1364 2511 enirn,
1375 2487 1443 2518 quae
1455 2477 1545 2507 dein-

97 2547 171 2578 ceps
191 2543 369 2579 sequuntur,
383 2546 422 2567 eo
437 2543 587 2578 spectant,
604 2544 637 2567 ut
661 2538 820 2578 poetarum
845 2536 1058 2566 tantummodo
1081 2535 1265 2566 carminibus
1287 2535 1408 2566 laudem
1433 2535 1541 2566 florere

97 2598 251 2632 ostendat.
264 2607 294 2626 v.
311 2599 361 2628 68.
378 2606 462 2637 seqq.
509 2595 558 2626 Ita
573 2607 602 2628 v.
618 2600 671 2628 46.
687 2596 817 2637 majores
832 2595 951 2626 Melissi
965 2595 1036 2626 olim
1053 2595 1176 2637 hymnis
1191 2596 1360 2626 celebratos
1379 2590 1472 2626 fuisse
1495 2596 1543 2626 di·

98 2656 161 2694 cit;
180 2656 225 2686 ita
239 2655 345 2697 Ajacis
364 2656 491 2698 gloriam
506 2655 643 2686 Homero
664 2656 789 2695 deberi;
810 2656 854 2686 ita
869 2655 1029 2686 melissum
1052 2656 1186 2697 denique
1209 2656 1343 2685 carmine
1367 2655 1542 2686 ornandum

97 2727 125 2745 v.
143 2717 194 2747 73.
239 2713 278 2746 In
294 2715 340 2746 his
357 2721 388 2745 ut
400 2713 536 2746 Nemaeae
551 2715 684 2746 victoriae
699 2716 887 2746 mentionem
903 2716 1029 2749 faceret.
1043 2726 1168 2747 necesse
1185 2725 1247 2746 non
1263 2715 1381 2750 habuit,
1395 2715 1542 2756 quoniam
1583 2747 1595 2752 ,

97 2774 179 2807 lianc
192 2775 352 2818 anjam,
368 2775 400 2806 in
413 2776 464 2814 iis,
477 2786 545 2817 quae
560 2785 641 2807 nunc
657 2775 740 2806 tertii
753 2775 895 2806 carminis
911 2775 1032 2806 titulum
1048 2776 1174 2810 habent,
1190 2775 1261 2805 satis
1277 2773 1448 2805 luculenter
1458 2783 1540 2806 coru-
