1836 3247
263 247 337 311 26
784 255 853 310 G.
884 253 1187 310 Hermanni

306 400 395 444 saepe
411 402 505 434 etiam
526 403 557 434 in
582 403 643 434 fine
668 412 771 434 rursus
792 403 942 436 trochaeos
961 401 1087 446 adjecit.
1103 407 1138 433 ut
1160 401 1319 444 dipodiam
1341 399 1528 432 trochaicam
1551 405 1619 441 post
1644 398 1717 430 cho-

263 460 424 498 riambum,
440 462 497 492 hac
515 462 621 498 fornia,

605 518 742 550 lio-u*
780 519 786 563 Ι
827 518 961 551 lun·
1000 519 1008 562 Ι
1047 518 1176 549 lu·—

264 578 315 610 01.
338 579 398 610 xiii.
422 590 470 620 ep.
488 582 520 610 4.
545 578 671 610 Deinde
688 589 783 610 unum
804 581 970 611 trochaeum
986 585 1054 621 post
1069 579 1257 621 dactylicum
1269 578 1439 609 trimetrum
1455 575 1669 607 catalecticum
1685 574 1718 605 in

262 638 422 681 syllabam,
438 639 491 673 sic,

608 697 736 728 -'v--
777 697 783 740 Ι
822 696 1067 728 lvo—vv·
1106 695 1114 738 Ι
1152 694 1216 726 -ἰῒ

264 755 359 798 Pyth.
376 757 394 787 i.
413 763 465 788 str.
482 760 514 787 4.
538 755 632 788 Nunc
648 758 740 788 etiam
756 757 913 791 creticum,
928 766 988 798 quo
1004 767 1084 797 saepe
1100 756 1177 786 solet
1192 756 1286 786 etiarn
1301 753 1378 786 alios
1393 763 1498 785 versus
1513 753 1611 788 finire,

611 815 740 845 -'v--
780 815 787 857 Ι
827 814 1071 845 ἔον-νυ·
1111 812 1118 856 Ι
1157 813 1253 844 -ὐ·

262 874 369 906 Isthm.
387 877 428 905 vi.
445 886 495 916 cp.
516 878 566 905 10.
601 874 688 906 Alibi
703 881 805 906 autem
821 876 953 907 creticus
967 875 1104 917 sequitur
1118 873 1306 917 dactylicum
1321 873 1494 904 trimetrum
1505 865 1726 904 catalecticum'

261 936 294 965 in
310 934 504 976 bisyllabum,

607 992 737 1024 -‘u--
777 992 785 1036 Ι
825 992 1114 1024 -’νν-νυ-ῦ“
1150 990 1158 1035 Ι
1199 991 1318 1026 :⁰3-

607 1052 664 1068 υυυ

265 1110 316 1143 Ol.
332 1112 398 1142 viii.
424 1113 540 1153 stroph.
559 1116 585 1142 1.
604 1112 667 1143 xiii.
684 1119 738 1142 str.
756 1116 784 1142 7.
810 1111 903 1154 Pyth.
917 1112 938 1142 i.
952 1119 1003 1154 ep.
1020 1113 1049 1143 7.
1066 1112 1109 1143 iii.
1126 1116 1177 1143 str.
1195 1114 1224 1143 7.
1241 1121 1289 1152 ep.
1303 1113 1335 1142 3.
1360 1109 1399 1141 ix.
1413 1119 1461 1150 ep.
1476 1111 1507 1140 5.
1525 1111 1553 1139 7.
1579 1108 1673 1138 Nem·
1690 1118 1720 1137 v.

263 1181 313 1212 ep·
331 1173 361 1203 9.
378 1172 439 1202 viii.
457 1182 508 1212 ep.
526 1174 556 1201 7.
572 1182 602 1202 x·
617 1178 669 1202 str.
689 1175 718 1202 6.
737 1182 787 1213 ep·
806 1176 833 1202 l.
852 1177 879 1203 2.
896 1173 939 1202 xi.
955 1178 1006 1204 str.
1025 1175 1056 1202 1.
1073 1182 1122 1213 ep.
1139 1173 1170 1202 3.
1196 1170 1306 1202 Isthm.
1321 1169 1364 1201 iii.
1381 1174 1434 1201 stt.
1452 1170 1482 1199 3,
1506 1166 1610 1208 Atque
1626 1159 1721 1198 etiam

263 1231 391 1272 dipodia
406 1232 570 1265 trochaica,

609 1289 735 1319 -ὐ--
774 1289 782 1333 Ι
822 1288 1102 1321 -ὐυ-νυ--
1141 1288 1148 1331 Ι
1188 1287 1325 1319 lit-17

263 1348 357 1391 Pyth.
373 1349 415 1379 iii.
432 1360 480 1390 ep.
499 1353 549 1381 10.
566 1350 606 1380 ix.
623 1356 676 1380 str.
693 1353 722 1381 6.
740 1361 831 1391 quam
845 1352 940 1382 etiam
956 1359 1026 1392 post
1041 1356 1251 1382 tetrametrum
1266 1347 1482 1381 catalecticum
1492 1347 1525 1379 in
1536 1346 1722 1389 bissyllabum

264 1410 407 1440 adhibuit
422 1409 513 1441 Nem.
532 1422 560 1439 v.
576 1421 627 1452 ep.
645 1413 694 1441 10.
728 1411 807 1441 Tum
822 1422 896 1442 vero
910 1412 1004 1443 etiam
1024 1411 1204 1443 choriambo
1219 1420 1292 1442 usus
1307 1416 1354 1442 est
1369 1413 1440 1453 post
1460 1396 1724 1450 penthemimereu‘

263 1471 463 1512 dactylicum,

609 1529 739 1560 -'u--
778 1529 786 1572 Ι
825 1528 1071 1560 -’νυ-υυ-
1110 1526 1122 1571 Ι
1159 1526 1292 1558 Jun-

262 1588 371 1621 Isthm.
387 1590 406 1621 i.
422 1596 475 1621 str.
494 1594 524 1622 6.
541 1595 574 1621 et
589 1596 658 1632 post
673 1592 845 1622 trimetrum
859 1589 1047 1631 dactylicum
1061 1586 1277 1620 catalecticum
1292 1585 1325 1616 in
1340 1584 1537 1627 bisyllabum,

610 1648 742 1679 -‘u--
831 1644 1334 1689 -ὐν·υυ--Ι-’νυ-

266 1708 313 1739 Ol.
331 1708 383 1738 xii.
402 1712 429 1740 2.
454 1707 600 1750 Denique
616 1709 746 1739 dimetro
757 1718 878 1749 quoque
893 1709 1049 1739 trochaico
1063 1707 1180 1748 adjecit
1194 1706 1419 1743 choriambum,
1433 1704 1521 1746 cujus
1539 1704 1661 1746 generis
1676 1705 1722 1735 har

266 1768 370 1798 sormae
386 1767 590 1808 reperiuntur,

605 1825 741 1857 -’ν·ῦ
827 1823 1183 1868 -ὐ-ν“Ι-’νυ-

607 1885 667 1901 uuo
689 1885 727 1901 υυ

266 1945 315 1977 01.
332 1946 372 1976 vi.
389 1956 438 1986 ep.
455 1947 486 1977 S.
510 1945 562 1977 xii.
577 1950 628 1976 str.
646 1949 676 1978 4.
692 1956 740 1987 ep.
758 1949 788 1980 8.
811 1945 905 1988 Pyth.
921 1948 963 1979 iv.
979 1955 1029 1985 ep.
1048 1947 1099 1974 10.
1124 1943 1234 1974 Isthm.
1259 1943 1288 1975 ii.
1306 1954 1357 1985 ep.
1375 1946 1402 1975 5.
1428 1954 1458 1974 v.
1482 1950 1538 1976 str.
1565 1948 1592 1977 2.
1617 1955 1669 1986 ep.
1690 1946 1720 1976 5.

273 2005 305 2035 ri.
323 2012 373 2036 etr.
393 2008 423 2036 2.

960 2079 1020 2111 Ix.

817 2155 865 2187 De
886 2157 1008 2187 versibus
1028 2156 1166 2187 iambicis.

311 2232 340 2263 A
356 2232 497 2263 trochaeis
520 2232 560 2277 ed
583 2232 711 2269 iambos,
725 2238 891 2274 cognatum
907 2242 1005 2274 genus
1021 2232 1152 2267 numeri,
1167 2231 1333 2272 pergimus,
1347 2229 1379 2262 in
1395 2230 1506 2273 quibus
1522 2231 1642 2268 eadem,
1657 2218 1725 2275 qua}

268 2294 299 2323 in
315 2294 466 2328 trochaeis,
481 2303 631 2323 mensurae
656 2298 688 2323 et
710 2291 858 2322 severitas
879 2298 911 2323 et
933 2292 1107 2324 constantia
1129 2292 1269 2322 adhibita
1291 2296 1351 2322 est.
1395 2291 1479 2322 Nam
1494 2293 1553 2323 etsi
1568 2292 1615 2323 his
1630 2285 1726 2335 Ion‘gf'r

267 2336 398 2394 parcitis,
413 2362 505 2393 quam
521 2352 661 2383 trochaeis
677 2353 784 2387 utitur,
798 2344 918 2393 quippe*
938 2351 1075 2394 pedestri
1094 2357 1126 2381 et
1149 2361 1345 2381 communem
1367 2351 1589 2392 colloquiorum
1612 2362 1725 2383 sermo-

267 2421 337 2442 nem
354 2411 479 2452 propius
493 2412 663 2442 accedente
680 2421 819 2446 numero,
833 2416 948 2447 tamen,
961 2422 1055 2453 quum
1067 2422 1085 2442 e
1100 2410 1276 2452 duplicibus
1291 2410 1451 2441 ordinibus
1466 2416 1621 2447 constant,
1635 2421 1726 2453 spon·

266 2472 393 2502 deorum
409 2471 630 2502 alternationes
644 2470 823 2512 plerumque
839 2471 1024 2507 observavit,
1037 2476 1195 2511 anapaesto
1210 2475 1313 2501 autem
1329 2480 1415 2511 aeque
1438 2470 1471 2500 in
1497 2470 1665 2512 imparibus
1681 2477 1727 2501 at-

266 2543 326 2574 que
348 2532 380 2562 in
403 2532 529 2573 paribus
550 2532 624 2563 locis
644 2532 771 2562 omnino
786 2531 945 2562 obstinuit.
989 2530 1187 2562 Anacruseos
1205 2530 1331 2572 quidem
1347 2530 1580 2571 ambiguitatem
1594 2540 1657 2561 non
1673 2531 1727 2561 de-

268 2592 418 2627 trectavit¹
434 2592 488 2622 sed
503 2591 687 2634 bisyllabam
703 2590 877 2626 anacrusin,
889 2601 957 2632 quae
980 2592 1019 2622 ab
1041 2591 1208 2633 lyricorum
1223 2595 1390 2620 metrorum
1413 2589 1548 2631 puritate
1572 2589 1727 2624 abhorret.

269 2651 392 2681 comicis
408 2650 530 2694 reliquit
545 2655 577 2681 et
591 2649 724 2691 tragicis.
769 2648 853 2680 Nam
868 2650 951 2691 quod
967 2649 1059 2681 Nem.
1075 2651 1118 2680 iv.
1132 2652 1205 2681 129.
1222 2649 1344 2692 legitur,

613 2736 711 2779 Nmiqz
726 2748 758 2767 τε
774 2735 941 2775 cvr-Simus

270 2826 299 2855 in
319 2835 364 2859 co,
381 2829 415 2855 ut
430 2824 461 2856 in
476 2824 568 2856 unico
584 2825 677 2866 hujus
689 2824 823 2857 licentiae
839 2823 994 2865 exemplo,
1005 2834 1068 2856 non
1081 2824 1212 2857 dubium
1227 2831 1283 2862 eut,
1298 2823 1481 2857 vocabulum
1494 2824 1591 2865 Νσμίᾳ
1607 2826 1639 2857 in
1652 2821 1728 2857 dues
