1815 3262
345 225 656 295 Comment.
683 221 752 273 de
779 219 961 271 metris
990 215 1230 270 Pindari.
1276 217 1339 269 P.
1372 225 1420 271 1.
1538 223 1606 279 19

152 371 222 403 Nec
237 370 328 401 facile
342 371 502 412 quisquam
519 368 579 399 aliu
601 377 684 397 nunc
705 367 737 396 in
752 364 891 396 Pindaro
905 361 1049 404 exempla
1063 360 1213 392 inveniet.
1258 360 1343 392 Nam
1362 363 1395 392 in
1417 361 1464 392 his
1486 373 1607 404 quoque

150 431 230 462 adeo
245 440 354 471 parcus
368 435 425 464 est,
442 435 475 458 ut
490 437 571 468 saepe
587 426 681 457 etiarn
696 425 797 455 hiatus
812 423 844 452 in
859 421 920 452 arsi
935 421 1030 451 finem
1046 430 1188 450 versuum
1205 419 1326 460 prodat.

194 491 339 532 Denique
361 490 454 520 etiarn
477 488 602 529 quidam
624 495 730 516 versus
752 485 785 515 in
804 482 941 514 Pindaro
965 486 1098 516 exstant,
1112 481 1144 510 in
1168 480 1279 521 quibus
1303 478 1396 519 longa
1421 477 1540 519 syllaba
1556 478 1606 511 vel

148 551 370 591 diphthongus,
384 554 532 588 sequente
548 545 656 581 vocali,
671 545 704 574 in
726 544 804 574 thesi
828 543 980 583 producta
995 541 1129 571 videtur.
1174 539 1293 570 Verum
1309 538 1365 569 hos
1388 537 1490 568 hiatus
1512 538 1544 568 in
1567 538 1603 569 iis

147 609 223 640 locis
252 608 403 641 adhibuit,
425 606 478 636 ubi
500 605 594 636 etiam
620 603 720 634 brevis
742 602 861 644 syllaba
890 602 966 642 poni.
988 604 1120 645 poterat,
1142 608 1241 640 eoque
1264 597 1388 627 videtur
1410 597 1605 637 correptione

146 668 342 709 asperitatem
358 665 530 696 emolliisse.
576 662 614 693 Id
631 668 734 693 autem
751 662 826 692 fecit
841 660 944 696 iuliis,
959 657 1052 689 Nem.
1064 658 1105 688 vi.
1124 659 1174 689 25.

489 751 531 781 νῦν
546 749 702 788 πέφανται
717 749 767 779 οὐκ
783 749 908 790 ἄμοιρος,

143 843 195 884 qui
210 841 335 872 Ionicus
350 840 447 882 major
462 846 519 874 ext,
534 839 567 869 in
582 848 643 879 quo
654 836 815 868 ditrochaei
828 836 931 867 locum
942 835 1122 866 lonicorum
1135 839 1255 865 tenent.
1302 833 1410 865 Isthm·
1427 833 1447 863 i.
1464 836 1514 866 521.

484 926 502 960 ἢ
521 925 663 968 Καςοξεῖῳ
678 924 694 958 ἢ
709 924 805 954 ’Κολαί-

529 999 560 1016 ου
576 984 725 1027 ἒνκςμὸξιῑ
739 996 787 1022 μιν
802 982 890 1022 ὕμνῳ,

142 1078 194 1110 ubi
209 1077 266 1108 etsi
287 1074 460 1106 antithetici
475 1084 597 1116 quoque
611 1074 736 1113 longam
751 1072 902 1113 syllabam
920 1069 1049 1103 habent,
1065 1072 1170 1098 tamen
1190 1066 1266 1097 alibi
1286 1077 1355 1097 eam
1370 1077 1434 1098 non
1448 1072 1600 1108 perpetuo

137 1135 284 1168 servavit.
326 1133 449 1165 Ibidem
465 1133 497 1164 ii.
516 1136 567 1164 64.

395 1221 512 1252 θνατῦι
528 1220 626 1263 φρένας
643 1219 883 1261 ἄμφὶκρέμανται
899 1215 1027 1252 ἔλπῖδες,

137 1310 170 1341 in
186 1320 246 1351 quo
261 1309 362 1340 brevis
373 1309 493 1350 syllaba
505 1314 576 1339 ante
591 1308 739 1339 creticum
755 1312 811 1343 est,
827 1313 863 1337 ut
874 1318 905 1337 v.
921 1310 976 1338 41.
992 1311 1025 1337 et
1039 1305 1106 1336 aliis
1120 1306 1152 1337 in
1168 1305 1365 1342 carminibus,
1381 1305 1435 1336 ubi
1448 1305 1532 1336 idem
1544 1314 1598 1347 ge-

138 1380 196 1400 nus
210 1369 298 1400 metri
314 1368 463 1399 adhibuit.

832 1496 892 1527 VI.

675 1572 722 1603 De
743 1573 898 1603 scholiastis
920 1573 1056 1603 metricis.

177 1651 236 1682 His
250 1650 398 1692 expositis
412 1649 506 1680 etiam
525 1650 565 1680 ‹le
581 1649 752 1680 scholiastis
767 1648 901 1680 metricis
916 1648 1083 1678 dicendum
1100 1647 1189 1679 nobis
1209 1653 1266 1683 est,
1282 1659 1410 1690 quorum
1425 1648 1517 1689 longe
1534 1646 1595 1678 alia

133 1718 190 1746 ost,
206 1721 242 1741 ac
264 1710 353 1751 vulgo
375 1710 460 1740 credi
484 1709 635 1743 videmus,
650 1709 775 1738 utilitas.
822 1707 866 1735 Iis
885 1716 941 1734 nos
961 1707 1086 1745 quidem
1109 1707 1140 1736 in
1165 1713 1332 1736 metrorum
1355 1708 1594 1748 investigatione

133 1770 248 1799 nullam
264 1769 357 1809 plane
372 1767 589 1798 contendimus
610 1767 702 1797 fidem
726 1765 914 1795 habendam.
960 1763 1044 1794 Nam
1060 1774 1153 1804 quum
1170 1765 1220 1795 isti
1236 1775 1433 1796 numerorum
1450 1773 1593 1798 naturam

132 1834 164 1859 et
178 1828 262 1869 leges
276 1828 464 1868 ignorarent,
475 1826 557 1867 quod
573 1826 604 1856 in
617 1835 655 1855 eo
670 1825 758 1860 libro,
770 1824 871 1866 quide
888 1824 993 1854 metris
1009 1829 1066 1859 cst,
1082 1824 1155 1854 satis
1169 1825 1459 1862 demonstravimus,
1476 1826 1592 1858 sactum

130 1894 188 1923 est,
207 1895 241 1918 ut
262 1897 324 1918 non
349 1886 444 1916 solum
476 1886 507 1915 in
528 1886 565 1916 iis
594 1886 740 1919 numeris,
762 1885 814 1925 qui
844 1885 920 1915 certi
949 1891 981 1914 et
1009 1885 1074 1914 noti
1104 1892 1186 1921 sunt,
1215 1878 1418 1917 vehementer
1443 1874 1592 1924 errarent,

129 1946 181 1977 sed
210 1946 306 1976 multo
337 1946 432 1987 magis
460 1945 553 1976 etiam
583 1955 621 1975 ea
650 1951 757 1979 metra,
786 1955 854 1985 quae
884 1945 1002 1974 incerta
1033 1945 1185 1986 planeque
1213 1946 1374 1976 arbitraria
1405 1952 1487 1984 sunt,
1517 1958 1591 1978 con-

129 2006 289 2036 turbarent
310 2011 403 2047 atque
427 2010 648 2046 perverterent.
695 2003 744 2034 Ac
764 2004 950 2035 Vauvilliers
970 2004 1095 2045 quidem
1120 2004 1152 2034 in
1167 2004 1344 2035 Comment.
1365 2005 1466 2037 Acad.
1491 2006 1589 2038 Inscr.

128 2065 189 2095 vul.
205 2065 278 2095 xlvi.
296 2075 328 2106 p·
344 2067 417 2096 237.
435 2064 524 2095 valde
540 2070 680 2095 recentes
703 2065 758 2094 hos
772 2064 953 2094 scholiastas
974 2075 1041 2094 esse
1058 2064 1116 2095 sibi
1132 2065 1293 2106 persuasit,
1308 2066 1390 2106 quod
1406 2065 1589 2107 Hephaestio

128 2134 164 2154 ac
177 2122 529 2154 'l'erentianus‘Maurus
547 2124 677 2163 plurima
691 2134 833 2154 versuum
844 2134 970 2165 genera,
983 2135 1051 2165 quae
1064 2125 1103 2154 ab
1118 2124 1177 2154 illis
1189 2132 1479 2161 commemorantur,
1493 2126 1589 2167 plane

127 2184 345 2225 ignoraverint.
389 2184 449 2215 Cui
469 2185 631 2215 sententiae
646 2184 789 2225 equidem
806 2185 865 2214 hoc
883 2184 983 2214 minus
999 2194 1122 2224 possum
1139 2184 1298 2219 accedere,
1313 2185 1395 2225 quod
1412 2190 1444 2215 et
1459 2196 1508 2216 res
1519 2187 1588 2226 ipsa

127 2254 180 2274 eos
192 2245 224 2274 in
237 2244 311 2276 istas
325 2255 423 2286 nugas
437 2244 617 2286 implicavit,
632 2250 663 2275 et
685 2255 808 2274 omnem
825 2249 990 2273 metrorum
1005 2242 1166 2273 seientiam
1183 2249 1301 2273 mature
1317 2244 1414 2285 magis
1429 2245 1586 2286 magisque

125 2304 243 2344 lapsam
264 2315 300 2335 ac
321 2305 455 2335 deletam
476 2315 542 2335 esse
557 2310 689 2335 constat.
735 2303 904 2333 Habebam
919 2302 1002 2332 enim
1019 2302 1067 2332 isti
1084 2302 1224 2332 homines
1240 2313 1325 2336 suam
1341 2304 1508 2344 quamdam
1523 2315 1587 2335 me-

126 2370 239 2394 trorum
255 2364 437 2399 doctrinam,
453 2369 668 2405 perangustam
681 2363 762 2393 illam
779 2369 810 2392 et
825 2363 1006 2393 futilissimis
1027 2363 1248 2394 subtilitatibus
1261 2364 1415 2394 refertam.
1461 2364 1500 2395 In
1524 2376 1586 2407 qua

125 2434 194 2464 quae
215 2434 331 2464 genera
352 2430 517 2454 metrorum
539 2424 696 2464 descripta
719 2428 833 2457 esseut,
855 2422 893 2452 iis
914 2423 958 2452 illi
979 2433 1101 2453 omnem
1123 2433 1319 2453 numerorum
1344 2425 1524 2455 varietatem
1548 2436 1584 2456 ac

125 2483 355 2514 multitudinem
371 2484 549 2514 exhaustam
566 2484 728 2523 putabant,
745 2493 812 2518 nec,
829 2482 853 2512 si
875 2484 928 2524 qui
950 2493 1056 2513 versus
1070 2489 1279 2518 occurrerent,
1295 2483 1347 2524 qui
1364 2493 1426 2513 non
1444 2484 1584 2515 videren-

125 2549 174 2571 tur
189 2543 228 2572 ad
251 2541 343 2571 istum
367 2542 524 2572 modulum
544 2543 625 2583 exigi
649 2552 748 2582 posse,
763 2548 937 2572 commenta
952 2542 1139 2573 deficiebant
1154 2544 1290 2584 miraque
1307 2543 1446 2578 artificia,
1461 2538 1584 2585 quibus,

123 2601 274 2643 quidquid
291 2601 436 2642 placeret,
451 2612 488 2632 ex
511 2601 747 2642 elegantissimis
769 2603 931 2643 poetarum
956 2603 1090 2633 numeris
1105 2608 1258 2633 eruerent.
1304 2600 1354 2632 Ita
1369 2603 1582 2640 distrahendo,

121 2671 190 2702 quae
219 2661 393 2693 continuari
430 2661 598 2696 debebant,
626 2660 851 2696 continuando,
878 2672 946 2702 quae
975 2661 1177 2692 distrahenda
1206 2661 1378 2702 misereque
1405 2661 1509 2692 omnia
1536 2662 1582 2693 la-

121 2720 256 2752 cerando
270 2721 398 2750 tandem
420 2720 494 2750 illud
518 2720 796 2761 consequebantur,
814 2725 846 2750 ut
862 2720 938 2751 nulli
961 2730 1087 2762 usquam
1108 2721 1227 2751 numeri
1250 2726 1418 2756 exstarent,
1440 2721 1516 2762 quin
1538 2722 1579 2752 ad

119 2776 182 2814 illa,
197 2789 264 2821 quae
287 2778 345 2820 ipsi
370 2779 433 2809 sola
455 2784 590 2813 nossent,
607 2785 772 2809 metrorum
788 2789 902 2821 genera
922 2780 1058 2813 revocari
1082 2785 1221 2821 possent.
1266 2779 1346 2813 Inde
1362 2780 1420 2811 ieta
1435 2790 1579 2814 versuum
